<?xml version="1.0" encoding="UTF-8"?>
<!DOCTYPE html PUBLIC "-//W3C//DTD XHTML 1.0 Transitional//EN"
    "http://www.w3.org/TR/xhtml1/DTD/xhtml1-transitional.dtd">
<html xmlns="http://www.w3.org/1999/xhtml" xml:lang="en" lang="en">
 <head>
  <title>
</title>
<meta http-equiv="Content-Type" content="text/html;charset=utf-8" />
  <meta name='ocr-system' content='tesseract 3.04.00' />
  <meta name='ocr-capabilities' content='ocr_page ocr_carea ocr_par ocr_line ocrx_word'/>
</head>
<body>
  <div class='ocr_page' id='page_1' title='image "./deluciopatrensi00brgoog_0034.png"; bbox 0 0 2902 4702; ppageno 0'>
   <div class='ocr_carea' id='block_1_1' title="bbox 612 333 832 397">
    <p class='ocr_par' dir='ltr' id='par_1_1' title="bbox 612 333 832 397">
     <span class='ocr_line' id='line_1_1' title="bbox 612 333 832 397; baseline 0.005 -18"><span class='ocrx_word' id='word_1_1' title='bbox 612 333 832 397; x_wconf 70' lang='lat'><strong>„25-</strong></span> 
     </span>
    </p>
   </div>
   <div class='ocr_carea' id='block_1_2' title="bbox 90 525 1286 4110">
    <p class='ocr_par' dir='ltr' id='par_1_2' title="bbox 162 525 1283 1963">
     <span class='ocr_line' id='line_1_2' title="bbox 164 525 1278 599; baseline -0.002 -15"><span class='ocrx_word' id='word_1_2' title='bbox 164 527 357 599; x_wconf 86' lang='lat' dir='ltr'><strong>epitomatore</strong></span> <span class='ocrx_word' id='word_1_3' title='bbox 371 532 484 584; x_wconf 90' lang='lat' dir='ltr'><strong>resecta</strong></span> <span class='ocrx_word' id='word_1_4' title='bbox 498 530 527 585; x_wconf 90' lang='lat' dir='ltr'><strong>et</strong></span> <span class='ocrx_word' id='word_1_5' title='bbox 542 543 577 584; x_wconf 88' lang='lat' dir='ltr'><strong>ex</strong></span> <span class='ocrx_word' id='word_1_6' title='bbox 591 525 716 599; x_wconf 89' lang='lat' dir='ltr'><strong>Apuleio</strong></span> <span class='ocrx_word' id='word_1_7' title='bbox 732 526 760 584; x_wconf 93' lang='lat' dir='ltr'><strong>ei</strong></span> <span class='ocrx_word' id='word_1_8' title='bbox 773 526 952 585; x_wconf 85' lang='lat' dir='ltr'><strong>restituenda</strong></span> <span class='ocrx_word' id='word_1_9' title='bbox 966 543 1030 584; x_wconf 91' lang='lat' dir='ltr'><strong>esse</strong></span> <span class='ocrx_word' id='word_1_10' title='bbox 1051 543 1138 598; x_wconf 90' lang='lat' dir='ltr'><strong>supra</strong></span> <span class='ocrx_word' id='word_1_11' title='bbox 1152 527 1278 597; x_wconf 84' lang='lat' dir='ltr'><strong>exposui.</strong></span> 
     </span>
     <span class='ocr_line' id='line_1_3' title="bbox 163 623 1280 697; baseline -0.002 -15"><span class='ocrx_word' id='word_1_12' title='bbox 163 625 212 682; x_wconf 90' lang='lat' dir='ltr'><strong>lbi</strong></span> <span class='ocrx_word' id='word_1_13' title='bbox 233 624 308 681; x_wconf 91' lang='lat' dir='ltr'><strong>enim</strong></span> <span class='ocrx_word' id='word_1_14' title='bbox 329 625 437 697; x_wconf 89' lang='lat' dir='ltr'><strong>apertis</strong></span> <span class='ocrx_word' id='word_1_15' title='bbox 462 623 560 683; x_wconf 90' lang='lat' dir='ltr'><strong>verbis</strong></span> <span class='ocrx_word' id='word_1_16' title='bbox 586 625 760 682; x_wconf 86' lang='lat' dir='ltr'><strong>dictumest</strong></span> <span class='ocrx_word' id='word_1_17' title='bbox 785 625 906 682; x_wconf 91' lang='lat' dir='ltr'><strong>militem</strong></span> <span class='ocrx_word' id='word_1_18' title='bbox 927 623 963 682; x_wconf 91' lang='lat' dir='ltr'><strong>ab</strong></span> <span class='ocrx_word' id='word_1_19' title='bbox 989 623 1142 681; x_wconf 87' lang='lat' dir='ltr'><strong>hortulano</strong></span> <span class='ocrx_word' id='word_1_20' title='bbox 1170 624 1280 680; x_wconf 90' lang='lat' dir='ltr'><strong>asinum</strong></span> 
     </span>
     <span class='ocr_line' id='line_1_4' title="bbox 165 721 1281 794; baseline -0.001 -15"><span class='ocrx_word' id='word_1_21' title='bbox 165 721 327 794; x_wconf 81' lang='lat' dir='ltr'><strong>postulasse</strong></span> <span class='ocrx_word' id='word_1_22' title='bbox 347 722 385 779; x_wconf 90' lang='lat' dir='ltr'><strong>ad</strong></span> <span class='ocrx_word' id='word_1_23' title='bbox 405 722 547 794; x_wconf 91' lang='lat' dir='ltr'><strong>praesidis</strong></span> <span class='ocrx_word' id='word_1_24' title='bbox 572 721 701 779; x_wconf 79' lang='lat' dir='ltr'><strong>sarcinas</strong></span> <span class='ocrx_word' id='word_1_25' title='bbox 728 722 762 779; x_wconf 91' lang='lat' dir='ltr'><strong>de</strong></span> <span class='ocrx_word' id='word_1_26' title='bbox 788 722 918 793; x_wconf 89' lang='lat' dir='ltr'><strong>proximo</strong></span> <span class='ocrx_word' id='word_1_27' title='bbox 947 722 1065 779; x_wconf 89' lang='lat' dir='ltr'><strong>castello</strong></span> <span class='ocrx_word' id='word_1_28' title='bbox 1090 721 1281 792; x_wconf 80' lang='lat' dir='ltr'><strong>advehendas,</strong></span> 
     </span>
     <span class='ocr_line' id='line_1_5' title="bbox 164 818 1282 893; baseline 0.002 -18"><span class='ocrx_word' id='word_1_29' title='bbox 164 834 285 890; x_wconf 90' lang='lat' dir='ltr'><strong>cumque</strong></span> <span class='ocrx_word' id='word_1_30' title='bbox 306 835 370 876; x_wconf 88' lang='lat' dir='ltr'><strong>eum</strong></span> <span class='ocrx_word' id='word_1_31' title='bbox 392 819 522 893; x_wconf 87' lang='lat' dir='ltr'><strong>arripere</strong></span> <span class='ocrx_word' id='word_1_32' title='bbox 543 825 662 877; x_wconf 91' lang='lat' dir='ltr'><strong>conatus</strong></span> <span class='ocrx_word' id='word_1_33' title='bbox 677 824 762 890; x_wconf 90' lang='grc'>11111,</span> <span class='ocrx_word' id='word_1_34' title='bbox 785 819 821 875; x_wconf 91' lang='lat' dir='ltr'><strong>ab</strong></span> <span class='ocrx_word' id='word_1_35' title='bbox 842 818 893 876; x_wconf 92' lang='lat' dir='ltr'><strong>illo</strong></span> <span class='ocrx_word' id='word_1_36' title='bbox 914 822 1092 891; x_wconf 83' lang='lat' dir='ltr'><strong>prostratum</strong></span> <span class='ocrx_word' id='word_1_37' title='bbox 1113 835 1174 876; x_wconf 91' lang='lat' dir='ltr'><strong>esse</strong></span> <span class='ocrx_word' id='word_1_38' title='bbox 1195 822 1282 889; x_wconf 86' lang='lat' dir='ltr'><strong>atque</strong></span> 
     </span>
     <span class='ocr_line' id='line_1_6' title="bbox 166 916 1281 988; baseline -0.002 -14"><span class='ocrx_word' id='word_1_39' title='bbox 166 916 416 975; x_wconf 87' lang='lat' dir='ltr'><strong>vehementissime</strong></span> <span class='ocrx_word' id='word_1_40' title='bbox 438 917 659 975; x_wconf 83' lang='lat' dir='ltr'><strong>diverberatum.</strong></span> <span class='ocrx_word' id='word_1_41' title='bbox 706 917 785 987; x_wconf 79' lang='lat' dir='ltr'><strong>Quae</strong></span> <span class='ocrx_word' id='word_1_42' title='bbox 806 916 831 974; x_wconf 92' lang='lat' dir='ltr'><strong>si</strong></span> <span class='ocrx_word' id='word_1_43' title='bbox 851 920 1086 988; x_wconf 88' lang='lat' dir='ltr'><strong>praecesserant,</strong></span> <span class='ocrx_word' id='word_1_44' title='bbox 1119 932 1188 974; x_wconf 90' lang='lat' dir='ltr'><strong>sane</strong></span> <span class='ocrx_word' id='word_1_45' title='bbox 1215 932 1281 974; x_wconf 92' lang='lat' dir='ltr'><strong>con-</strong></span> 
     </span>
     <span class='ocr_line' id='line_1_7' title="bbox 166 1009 1280 1083; baseline 0 -12"><span class='ocrx_word' id='word_1_46' title='bbox 166 1009 337 1071; x_wconf 89' lang='lat' dir='ltr'><strong>sentaneum</strong></span> <span class='ocrx_word' id='word_1_47' title='bbox 358 1017 435 1079; x_wconf 90' lang='lat' dir='ltr'><strong>erat,</strong></span> <span class='ocrx_word' id='word_1_48' title='bbox 462 1030 526 1070; x_wconf 91' lang='lat' dir='ltr'><strong>cum</strong></span> <span class='ocrx_word' id='word_1_49' title='bbox 547 1013 692 1070; x_wconf 89' lang='lat' dir='ltr'><strong>hortulani</strong></span> <span class='ocrx_word' id='word_1_50' title='bbox 717 1013 847 1083; x_wconf 88' lang='lat' dir='ltr'><strong>asinique</strong></span> <span class='ocrx_word' id='word_1_51' title='bbox 866 1013 998 1070; x_wconf 91' lang='lat' dir='ltr'><strong>latebrae</strong></span> <span class='ocrx_word' id='word_1_52' title='bbox 1019 1012 1153 1071; x_wconf 90' lang='lat' dir='ltr'><strong>detectae</strong></span> <span class='ocrx_word' id='word_1_53' title='bbox 1175 1019 1280 1083; x_wconf 89' lang='lat' dir='ltr'><strong>essent,</strong></span> 
     </span>
     <span class='ocr_line' id='line_1_8' title="bbox 165 1101 1281 1184; baseline -0.002 -15"><span class='ocrx_word' id='word_1_54' title='bbox 165 1112 247 1169; x_wconf 92' lang='lat' dir='ltr'><strong>illum</strong></span> <span class='ocrx_word' id='word_1_55' title='bbox 273 1101 405 1184; x_wconf 76' lang='lat' dir='ltr'><strong>propter</strong></span> <span class='ocrx_word' id='word_1_56' title='bbox 422 1111 530 1169; x_wconf 87' lang='lat' dir='ltr'><strong>laesum</strong></span> <span class='ocrx_word' id='word_1_57' title='bbox 558 1111 679 1168; x_wconf 90' lang='lat' dir='ltr'><strong>militem</strong></span> <span class='ocrx_word' id='word_1_58' title='bbox 703 1111 735 1167; x_wconf 93' lang='lat' dir='ltr'><strong>in</strong></span> <span class='ocrx_word' id='word_1_59' title='bbox 763 1110 877 1168; x_wconf 90' lang='lat' dir='ltr'><strong>vincula</strong></span> <span class='ocrx_word' id='word_1_60' title='bbox 903 1110 1008 1179; x_wconf 92' lang='lat' dir='ltr'><strong>conici,</strong></span> <span class='ocrx_word' id='word_1_61' title='bbox 1041 1111 1153 1168; x_wconf 88' lang='lat' dir='ltr'><strong>asinum</strong></span> <span class='ocrx_word' id='word_1_62' title='bbox 1185 1117 1281 1168; x_wconf 91' lang='lat' dir='ltr'><strong>autem</strong></span> 
     </span>
     <span class='ocr_line' id='line_1_9' title="bbox 162 1191 1281 1281; baseline 0.001 -16"><span class='ocrx_word' id='word_1_63' title='bbox 162 1208 252 1265; x_wconf 92' lang='lat' dir='ltr'><strong>militi</strong></span> <span class='ocrx_word' id='word_1_64' title='bbox 264 1208 341 1265; x_wconf 91' lang='lat' dir='ltr'><strong>tradi</strong></span> <span class='ocrx_word' id='word_1_65' title='bbox 355 1224 456 1280; x_wconf 88' lang='lat' dir='ltr'><strong>nempe</strong></span> <span class='ocrx_word' id='word_1_66' title='bbox 471 1209 509 1265; x_wconf 91' lang='lat' dir='ltr'><strong>ad</strong></span> <span class='ocrx_word' id='word_1_67' title='bbox 522 1207 664 1281; x_wconf 88' lang='lat' dir='ltr'><strong>praesidis</strong></span> <span class='ocrx_word' id='word_1_68' title='bbox 684 1206 815 1265; x_wconf 90' lang='lat' dir='ltr'><strong>sarcinas</strong></span> <span class='ocrx_word' id='word_1_69' title='bbox 829 1191 1018 1266; x_wconf 84' lang='lat' dir='ltr'><strong>advehendas.</strong></span> <span class='ocrx_word' id='word_1_70' title='bbox 1054 1206 1116 1277; x_wconf 80' lang='lat' dir='ltr'><strong>Quo</strong></span> <span class='ocrx_word' id='word_1_71' title='bbox 1130 1212 1281 1280; x_wconf 88' lang='lat' dir='ltr'><strong>perspecto</strong></span> 
     </span>
     <span class='ocr_line' id='line_1_10' title="bbox 163 1302 1283 1377; baseline 0.001 -15"><span class='ocrx_word' id='word_1_72' title='bbox 163 1304 236 1362; x_wconf 93' lang='lat' dir='ltr'><strong>illud</strong></span> <span class='ocrx_word' id='word_1_73' title='bbox 256 1320 368 1376; x_wconf 89' lang='lat' dir='ltr'><strong>quoque</strong></span> <span class='ocrx_word' id='word_1_74' title='bbox 389 1305 581 1377; x_wconf 82' lang='lat' dir='ltr'><strong>consequitur,</strong></span> <span class='ocrx_word' id='word_1_75' title='bbox 607 1304 639 1362; x_wconf 90' lang='lat' dir='ltr'><strong>id</strong></span> <span class='ocrx_word' id='word_1_76' title='bbox 660 1303 732 1375; x_wconf 89' lang='lat' dir='ltr'><strong>quod</strong></span> <span class='ocrx_word' id='word_1_77' title='bbox 755 1302 897 1377; x_wconf 85' lang='lat' dir='ltr'><strong>Apuleius</strong></span> <span class='ocrx_word' id='word_1_78' title='bbox 917 1306 946 1362; x_wconf 89' lang='lat' dir='ltr'>X</span> <span class='ocrx_word' id='word_1_79' title='bbox 970 1307 982 1361; x_wconf 96' lang='lat'>1</span> <span class='ocrx_word' id='word_1_80' title='bbox 1007 1305 1125 1362; x_wconf 89' lang='lat' dir='ltr'><strong>exhibet</strong></span> <span class='ocrx_word' id='word_1_81' title='bbox 1145 1305 1181 1362; x_wconf 93' lang='lat' dir='ltr'><strong>de</strong></span> <span class='ocrx_word' id='word_1_82' title='bbox 1202 1306 1283 1364; x_wconf 92' lang='lat' dir='ltr'><strong>asino</strong></span> 
     </span>
     <span class='ocr_line' id='line_1_11' title="bbox 163 1402 1282 1475; baseline 0 -16"><span class='ocrx_word' id='word_1_83' title='bbox 163 1403 294 1474; x_wconf 90' lang='lat' dir='ltr'><strong>proximo</strong></span> <span class='ocrx_word' id='word_1_84' title='bbox 327 1403 374 1460; x_wconf 90' lang='lat' dir='ltr'><strong>die</strong></span> <span class='ocrx_word' id='word_1_85' title='bbox 400 1419 417 1460; x_wconf 92' lang='lat' dir='ltr'><strong>a</strong></span> <span class='ocrx_word' id='word_1_86' title='bbox 443 1402 535 1460; x_wconf 93' lang='lat' dir='ltr'><strong>milite</strong></span> <span class='ocrx_word' id='word_1_87' title='bbox 565 1403 686 1462; x_wconf 89' lang='lat' dir='ltr'><strong>sarcinis</strong></span> <span class='ocrx_word' id='word_1_88' title='bbox 718 1407 837 1461; x_wconf 91' lang='lat' dir='ltr'><strong>onerato</strong></span> <span class='ocrx_word' id='word_1_89' title='bbox 863 1406 893 1461; x_wconf 89' lang='lat' dir='ltr'><strong>et</strong></span> <span class='ocrx_word' id='word_1_90' title='bbox 923 1403 960 1460; x_wconf 92' lang='lat' dir='ltr'><strong>ad</strong></span> <span class='ocrx_word' id='word_1_91' title='bbox 991 1403 1152 1475; x_wconf 87' lang='lat' dir='ltr'><strong>proximam</strong></span> <span class='ocrx_word' id='word_1_92' title='bbox 1182 1402 1282 1461; x_wconf 91' lang='lat' dir='ltr'><strong>urbem</strong></span> 
     </span>
     <span class='ocr_line' id='line_1_12' title="bbox 164 1498 1282 1573; baseline 0.002 -16"><span class='ocrx_word' id='word_1_93' title='bbox 164 1498 305 1572; x_wconf 90' lang='lat' dir='ltr'><strong>producto</strong></span> <span class='ocrx_word' id='word_1_94' title='bbox 331 1500 367 1558; x_wconf 89' lang='lat' dir='ltr'><strong>ad</strong></span> <span class='ocrx_word' id='word_1_95' title='bbox 397 1499 508 1558; x_wconf 82' lang='lat' dir='ltr'><strong>iontem</strong></span> <span class='ocrx_word' id='word_1_96' title='bbox 538 1499 721 1559; x_wconf 87' lang='lat' dir='ltr'><strong>referendum</strong></span> <span class='ocrx_word' id='word_1_97' title='bbox 753 1517 823 1559; x_wconf 91' lang='lat' dir='ltr'><strong>esse.</strong></span> <span class='ocrx_word' id='word_1_98' title='bbox 865 1500 906 1558; x_wconf 89' lang='lat' dir='ltr'><strong>Et</strong></span> <span class='ocrx_word' id='word_1_99' title='bbox 934 1499 1066 1573; x_wconf 88' lang='lat' dir='ltr'><strong>profecto</strong></span> <span class='ocrx_word' id='word_1_100' title='bbox 1092 1501 1141 1557; x_wconf 91' lang='lat' dir='ltr'><strong>hic</strong></span> <span class='ocrx_word' id='word_1_101' title='bbox 1171 1517 1282 1571; x_wconf 93' lang='lat' dir='ltr'><strong>quoque</strong></span> 
     </span>
     <span class='ocr_line' id='line_1_13' title="bbox 164 1597 1282 1670; baseline -0.001 -15"><span class='ocrx_word' id='word_1_102' title='bbox 164 1597 287 1655; x_wconf 89' lang='lat' dir='ltr'><strong>ironiam</strong></span> <span class='ocrx_word' id='word_1_103' title='bbox 308 1598 388 1655; x_wconf 92' lang='lat' dir='ltr'><strong>illam</strong></span> <span class='ocrx_word' id='word_1_104' title='bbox 409 1598 626 1670; x_wconf 91' lang='lat' dir='ltr'><strong>deprehendere</strong></span> <span class='ocrx_word' id='word_1_105' title='bbox 646 1598 718 1656; x_wconf 92' lang='lat' dir='ltr'><strong>mihi</strong></span> <span class='ocrx_word' id='word_1_106' title='bbox 737 1598 838 1656; x_wconf 92' lang='lat' dir='ltr'><strong>videor</strong></span> <span class='ocrx_word' id='word_1_107' title='bbox 862 1615 914 1669; x_wconf 92' lang='lat' dir='ltr'><strong>per</strong></span> <span class='ocrx_word' id='word_1_108' title='bbox 935 1602 1028 1656; x_wconf 87' lang='lat' dir='ltr'><strong>totum</strong></span> <span class='ocrx_word' id='word_1_109' title='bbox 1048 1597 1133 1655; x_wconf 88' lang='lat' dir='ltr'><strong>Lucii</strong></span> <span class='ocrx_word' id='word_1_110' title='bbox 1154 1598 1282 1656; x_wconf 91' lang='lat' dir='ltr'><strong>libellum</strong></span> 
     </span>
     <span class='ocr_line' id='line_1_14' title="bbox 163 1695 1283 1774; baseline 0 -22"><span class='ocrx_word' id='word_1_111' title='bbox 163 1695 360 1766; x_wconf 77' lang='lat' dir='ltr'><strong>conspicuam,</strong></span> <span class='ocrx_word' id='word_1_112' title='bbox 394 1710 458 1752; x_wconf 93' lang='lat' dir='ltr'><strong>cum</strong></span> <span class='ocrx_word' id='word_1_113' title='bbox 484 1711 536 1752; x_wconf 92' lang='lat' dir='ltr'><strong>sua</strong></span> <span class='ocrx_word' id='word_1_114' title='bbox 559 1695 674 1766; x_wconf 90' lang='lat' dir='ltr'><strong>quidem</strong></span> <span class='ocrx_word' id='word_1_115' title='bbox 698 1696 842 1754; x_wconf 89' lang='lat' dir='ltr'><strong>sententia</strong></span> <span class='ocrx_word' id='word_1_116' title='bbox 867 1711 934 1774; x_wconf 53' lang='lat' dir='ltr'><strong>non⁴</strong></span> <span class='ocrx_word' id='word_1_117' title='bbox 951 1695 1093 1767; x_wconf 91' lang='lat' dir='ltr'><strong>praesidis</strong></span> <span class='ocrx_word' id='word_1_118' title='bbox 1120 1696 1172 1753; x_wconf 91' lang='lat' dir='ltr'><strong>sed</strong></span> <span class='ocrx_word' id='word_1_119' title='bbox 1192 1696 1283 1767; x_wconf 90' lang='lat' dir='ltr'><strong>ipsius</strong></span> 
     </span>
     <span class='ocr_line' id='line_1_15' title="bbox 165 1774 1282 1865; baseline 0 -16"><span class='ocrx_word' id='word_1_120' title='bbox 165 1791 294 1850; x_wconf 88' lang='lat' dir='ltr'><strong>sarcinas</strong></span> <span class='ocrx_word' id='word_1_121' title='bbox 318 1792 441 1851; x_wconf 91' lang='lat' dir='ltr'><strong>militem</strong></span> <span class='ocrx_word' id='word_1_122' title='bbox 468 1793 524 1851; x_wconf 93' lang='lat' dir='ltr'><strong>sibi</strong></span> <span class='ocrx_word' id='word_1_123' title='bbox 544 1793 713 1865; x_wconf 88' lang='lat' dir='ltr'><strong>imposuisse</strong></span> <span class='ocrx_word' id='word_1_124' title='bbox 739 1793 835 1851; x_wconf 89' lang='lat' dir='ltr'><strong>asinus</strong></span> <span class='ocrx_word' id='word_1_125' title='bbox 860 1774 952 1851; x_wconf 82' lang='lat' dir='ltr'><strong>libere</strong></span> <span class='ocrx_word' id='word_1_126' title='bbox 973 1791 1155 1864; x_wconf 90' lang='lat' dir='ltr'><strong>profiteatur.</strong></span> <span class='ocrx_word' id='word_1_127' title='bbox 1199 1791 1282 1865; x_wconf 77' lang='lat' dir='ltr'><strong>Quae</strong></span> 
     </span>
     <span class='ocr_line' id='line_1_16' title="bbox 166 1888 1281 1963; baseline 0 -17"><span class='ocrx_word' id='word_1_128' title='bbox 166 1888 262 1947; x_wconf 92' lang='lat' dir='ltr'><strong>omnia</strong></span> <span class='ocrx_word' id='word_1_129' title='bbox 274 1889 421 1962; x_wconf 86' lang='lat' dir='ltr'><strong>prioribus</strong></span> <span class='ocrx_word' id='word_1_130' title='bbox 441 1891 500 1948; x_wconf 92' lang='lat' dir='ltr'><strong>illis</strong></span> <span class='ocrx_word' id='word_1_131' title='bbox 514 1892 633 1949; x_wconf 90' lang='lat' dir='ltr'><strong>resectis</strong></span> <span class='ocrx_word' id='word_1_132' title='bbox 649 1890 822 1963; x_wconf 87' lang='lat' dir='ltr'><strong>epitomator</strong></span> <span class='ocrx_word' id='word_1_133' title='bbox 841 1891 1004 1948; x_wconf 89' lang='lat' dir='ltr'><strong>necessario</strong></span> <span class='ocrx_word' id='word_1_134' title='bbox 1020 1891 1121 1948; x_wconf 87' lang='lat' dir='ltr'><strong>debuit</strong></span> <span class='ocrx_word' id='word_1_135' title='bbox 1135 1891 1281 1948; x_wconf 90' lang='lat' dir='ltr'><strong>omittere.</strong></span> 
     </span>
    </p>

    <p class='ocr_par' dir='ltr' id='par_1_3' title="bbox 163 1984 1284 3134">
     <span class='ocr_line' id='line_1_17' title="bbox 245 1984 1282 2060; baseline 0 -16"><span class='ocrx_word' id='word_1_136' title='bbox 245 1984 406 2045; x_wconf 89' lang='lat' dir='ltr'><strong>Occurrunt</strong></span> <span class='ocrx_word' id='word_1_137' title='bbox 426 1994 582 2060; x_wconf 86' lang='lat' dir='ltr'><strong>praeterea</strong></span> <span class='ocrx_word' id='word_1_138' title='bbox 602 1989 656 2046; x_wconf 95' lang='lat' dir='ltr'><strong>hoc</strong></span> <span class='ocrx_word' id='word_1_139' title='bbox 676 1988 740 2046; x_wconf 95' lang='lat' dir='ltr'><strong>loco</strong></span> <span class='ocrx_word' id='word_1_140' title='bbox 766 1988 842 2045; x_wconf 88' lang='lat' dir='ltr'><strong>aliae</strong></span> <span class='ocrx_word' id='word_1_141' title='bbox 864 2003 977 2059; x_wconf 91' lang='lat' dir='ltr'><strong>quoque</strong></span> <span class='ocrx_word' id='word_1_142' title='bbox 999 1988 1121 2046; x_wconf 90' lang='lat' dir='ltr'><strong>duorum</strong></span> <span class='ocrx_word' id='word_1_143' title='bbox 1142 1989 1282 2046; x_wconf 91' lang='lat' dir='ltr'><strong>librorum</strong></span> 
     </span>
     <span class='ocr_line' id='line_1_18' title="bbox 163 2080 1283 2158; baseline -0.001 -15"><span class='ocrx_word' id='word_1_144' title='bbox 163 2084 391 2157; x_wconf 88' lang='lat' dir='ltr'><strong>discrepantiae,</strong></span> <span class='ocrx_word' id='word_1_145' title='bbox 426 2086 477 2143; x_wconf 91' lang='lat' dir='ltr'><strong>sed</strong></span> <span class='ocrx_word' id='word_1_146' title='bbox 508 2101 603 2144; x_wconf 91' lang='lat' dir='ltr'><strong>omnes</strong></span> <span class='ocrx_word' id='word_1_147' title='bbox 633 2085 677 2143; x_wconf 91' lang='lat' dir='ltr'><strong>ita</strong></span> <span class='ocrx_word' id='word_1_148' title='bbox 711 2090 903 2157; x_wconf 90' lang='lat' dir='ltr'><strong>comparatae,</strong></span> <span class='ocrx_word' id='word_1_149' title='bbox 938 2080 990 2142; x_wconf 92' lang='grc' dir='ltr'><strong>111Ι</strong></span> <span class='ocrx_word' id='word_1_150' title='bbox 1005 2085 1091 2144; x_wconf 83' lang='lat' dir='ltr'><strong>facile</strong></span> <span class='ocrx_word' id='word_1_151' title='bbox 1126 2101 1283 2158; x_wconf 87' lang='lat' dir='ltr'><strong>cognoscas</strong></span> 
     </span>
     <span class='ocr_line' id='line_1_19' title="bbox 164 2181 1282 2255; baseline -0.002 -14"><span class='ocrx_word' id='word_1_152' title='bbox 164 2181 289 2241; x_wconf 85' lang='lat' dir='ltr'><strong>Asinum</strong></span> <span class='ocrx_word' id='word_1_153' title='bbox 314 2183 459 2255; x_wconf 89' lang='lat' dir='ltr'><strong>integram</strong></span> <span class='ocrx_word' id='word_1_154' title='bbox 484 2183 681 2241; x_wconf 88' lang='lat' dir='ltr'><strong>narrationem</strong></span> <span class='ocrx_word' id='word_1_155' title='bbox 707 2199 850 2254; x_wconf 88' lang='lat' dir='ltr'><strong>servasse,</strong></span> <span class='ocrx_word' id='word_1_156' title='bbox 882 2181 1039 2255; x_wconf 88' lang='lat' dir='ltr'><strong>Apuleium</strong></span> <span class='ocrx_word' id='word_1_157' title='bbox 1072 2183 1144 2241; x_wconf 92' lang='lat' dir='ltr'><strong>satis</strong></span> <span class='ocrx_word' id='word_1_158' title='bbox 1168 2181 1282 2240; x_wconf 87' lang='lat' dir='ltr'><strong>inficeto</strong></span> 
     </span>
     <span class='ocr_line' id='line_1_20' title="bbox 165 2278 1282 2353; baseline 0 -17"><span class='ocrx_word' id='word_1_159' title='bbox 165 2284 301 2339; x_wconf 88' lang='lat' dir='ltr'><strong>mutasse.</strong></span> <span class='ocrx_word' id='word_1_160' title='bbox 348 2278 430 2338; x_wconf 80' lang='lat' dir='ltr'><strong>Sicut</strong></span> <span class='ocrx_word' id='word_1_161' title='bbox 450 2280 626 2353; x_wconf 87' lang='lat' dir='ltr'><strong>ineptissime</strong></span> <span class='ocrx_word' id='word_1_162' title='bbox 651 2279 763 2337; x_wconf 89' lang='lat' dir='ltr'><strong>addidit</strong></span> <span class='ocrx_word' id='word_1_163' title='bbox 787 2280 895 2338; x_wconf 89' lang='lat' dir='ltr'><strong>milites</strong></span> <span class='ocrx_word' id='word_1_164' title='bbox 923 2281 1077 2338; x_wconf 89' lang='lat' dir='ltr'><strong>ementitos</strong></span> <span class='ocrx_word' id='word_1_165' title='bbox 1098 2296 1160 2338; x_wconf 89' lang='lat' dir='ltr'><strong>esse</strong></span> <span class='ocrx_word' id='word_1_166' title='bbox 1181 2280 1282 2337; x_wconf 89' lang='lat' dir='ltr'><strong>hortu·</strong></span> 
     </span>
     <span class='ocr_line' id='line_1_21' title="bbox 168 2377 1281 2451; baseline -0.003 -14"><span class='ocrx_word' id='word_1_167' title='bbox 168 2379 265 2437; x_wconf 92' lang='lat' dir='ltr'><strong>lanum</strong></span> <span class='ocrx_word' id='word_1_168' title='bbox 290 2378 439 2437; x_wconf 88' lang='lat' dir='ltr'><strong>vasculum</strong></span> <span class='ocrx_word' id='word_1_169' title='bbox 469 2379 586 2450; x_wconf 89' lang='lat' dir='ltr'><strong>aliquod</strong></span> <span class='ocrx_word' id='word_1_170' title='bbox 610 2378 752 2450; x_wconf 89' lang='lat' dir='ltr'><strong>praesidis</strong></span> <span class='ocrx_word' id='word_1_171' title='bbox 776 2380 806 2436; x_wconf 93' lang='lat' dir='ltr'><strong>in</strong></span> <span class='ocrx_word' id='word_1_172' title='bbox 832 2378 881 2436; x_wconf 91' lang='lat' dir='ltr'><strong>via</strong></span> <span class='ocrx_word' id='word_1_173' title='bbox 905 2378 1066 2451; x_wconf 89' lang='lat' dir='ltr'><strong>repperisse</strong></span> <span class='ocrx_word' id='word_1_174' title='bbox 1092 2392 1185 2448; x_wconf 90' lang='lat' dir='ltr'><strong>neque</strong></span> <span class='ocrx_word' id='word_1_175' title='bbox 1205 2377 1281 2436; x_wconf 91' lang='lat' dir='ltr'><strong>velle</strong></span> 
     </span>
     <span class='ocr_line' id='line_1_22' title="bbox 164 2473 1281 2548; baseline -0.003 -15"><span class='ocrx_word' id='word_1_176' title='bbox 164 2475 327 2533; x_wconf 88' lang='lat' dir='ltr'><strong>restituere.</strong></span> <span class='ocrx_word' id='word_1_177' title='bbox 369 2474 471 2546; x_wconf 88' lang='lat' dir='ltr'><strong>Neque</strong></span> <span class='ocrx_word' id='word_1_178' title='bbox 498 2477 573 2532; x_wconf 90' lang='lat' dir='ltr'><strong>enim</strong></span> <span class='ocrx_word' id='word_1_179' title='bbox 595 2476 637 2533; x_wconf 95' lang='lat' dir='ltr'><strong>eis</strong></span> <span class='ocrx_word' id='word_1_180' title='bbox 661 2492 733 2548; x_wconf 92' lang='lat' dir='ltr'><strong>opus</strong></span> <span class='ocrx_word' id='word_1_181' title='bbox 753 2480 817 2534; x_wconf 92' lang='lat' dir='ltr'><strong>erat</strong></span> <span class='ocrx_word' id='word_1_182' title='bbox 837 2481 900 2534; x_wconf 89' lang='lat' dir='ltr'><strong>tam</strong></span> <span class='ocrx_word' id='word_1_183' title='bbox 925 2475 1006 2534; x_wconf 90' lang='lat' dir='ltr'><strong>vanis</strong></span> <span class='ocrx_word' id='word_1_184' title='bbox 1027 2473 1281 2546; x_wconf 87' lang='lat' dir='ltr'><strong>criminationibus,</strong></span> 
     </span>
     <span class='ocr_line' id='line_1_23' title="bbox 166 2571 1281 2645; baseline -0.004 -14"><span class='ocrx_word' id='word_1_185' title='bbox 166 2578 198 2631; x_wconf 90' lang='lat' dir='ltr'><strong>ut</strong></span> <span class='ocrx_word' id='word_1_186' title='bbox 218 2572 406 2645; x_wconf 84' lang='lat' dir='ltr'><strong>magistratus</strong></span> <span class='ocrx_word' id='word_1_187' title='bbox 427 2573 465 2630; x_wconf 92' lang='lat' dir='ltr'><strong>ad</strong></span> <span class='ocrx_word' id='word_1_188' title='bbox 485 2573 671 2630; x_wconf 89' lang='lat' dir='ltr'><strong>hortulanum</strong></span> <span class='ocrx_word' id='word_1_189' title='bbox 696 2573 925 2645; x_wconf 88' lang='lat' dir='ltr'><strong>investigandum</strong></span> <span class='ocrx_word' id='word_1_190' title='bbox 951 2576 1163 2644; x_wconf 90' lang='lat' dir='ltr'><strong>permoverent;</strong></span> <span class='ocrx_word' id='word_1_191' title='bbox 1196 2571 1281 2628; x_wconf 93' lang='lat' dir='ltr'><strong>immo</strong></span> 
     </span>
     <span class='ocr_line' id='line_1_24' title="bbox 167 2669 1282 2743; baseline -0.004 -14"><span class='ocrx_word' id='word_1_192' title='bbox 167 2671 275 2743; x_wconf 89' lang='lat' dir='ltr'><strong>optime</strong></span> <span class='ocrx_word' id='word_1_193' title='bbox 294 2671 370 2729; x_wconf 88' lang='lat' dir='ltr'><strong>idem</strong></span> <span class='ocrx_word' id='word_1_194' title='bbox 392 2670 505 2740; x_wconf 91' lang='lat' dir='ltr'><strong>assequi</strong></span> <span class='ocrx_word' id='word_1_195' title='bbox 526 2675 662 2742; x_wconf 88' lang='lat' dir='ltr'><strong>poterant</strong></span> <span class='ocrx_word' id='word_1_196' title='bbox 688 2669 817 2728; x_wconf 91' lang='lat' dir='ltr'><strong>omnibus</strong></span> <span class='ocrx_word' id='word_1_197' title='bbox 842 2671 941 2736; x_wconf 89' lang='lat' dir='ltr'><strong>rebus,</strong></span> <span class='ocrx_word' id='word_1_198' title='bbox 968 2669 1042 2726; x_wconf 92' lang='lat' dir='ltr'><strong>sicut</strong></span> <span class='ocrx_word' id='word_1_199' title='bbox 1067 2675 1168 2740; x_wconf 80' lang='lat' dir='ltr'><strong>gestae</strong></span> <span class='ocrx_word' id='word_1_200' title='bbox 1189 2672 1282 2737; x_wconf 91' lang='lat' dir='ltr'><strong>erant,</strong></span> 
     </span>
     <span class='ocr_line' id='line_1_25' title="bbox 164 2764 1283 2845; baseline -0.005 -19"><span class='ocrx_word' id='word_1_201' title='bbox 164 2768 336 2845; x_wconf 85' lang='lat' dir='ltr'><strong>simpliciter</strong></span> <span class='ocrx_word' id='word_1_202' title='bbox 355 2767 491 2826; x_wconf 90' lang='lat' dir='ltr'><strong>narratis.</strong></span> <span class='ocrx_word' id='word_1_203' title='bbox 533 2767 635 2838; x_wconf 90' lang='lat' dir='ltr'><strong>Neque</strong></span> <span class='ocrx_word' id='word_1_204' title='bbox 655 2767 749 2825; x_wconf 91' lang='lat' dir='ltr'><strong>minus</strong></span> <span class='ocrx_word' id='word_1_205' title='bbox 773 2781 908 2839; x_wconf 89' lang='lat' dir='ltr'><strong>perverse</strong></span> <span class='ocrx_word' id='word_1_206' title='bbox 929 2765 1013 2834; x_wconf 87' lang='lat' dir='ltr'><strong>iecit,</strong></span> <span class='ocrx_word' id='word_1_207' title='bbox 1042 2764 1117 2836; x_wconf 90' lang='lat' dir='ltr'><strong>quod</strong></span> <span class='ocrx_word' id='word_1_208' title='bbox 1138 2781 1175 2822; x_wconf 90' lang='lat' dir='ltr'><strong>ex</strong></span> <span class='ocrx_word' id='word_1_209' title='bbox 1196 2765 1283 2823; x_wconf 90' lang='lat' dir='ltr'><strong>rebus</strong></span> 
     </span>
     <span class='ocr_line' id='line_1_26' title="bbox 165 2862 1281 2937; baseline -0.004 -14"><span class='ocrx_word' id='word_1_210' title='bbox 165 2865 209 2924; x_wconf 92' lang='lat' dir='ltr'><strong>ibi</strong></span> <span class='ocrx_word' id='word_1_211' title='bbox 234 2866 361 2923; x_wconf 88' lang='lat' dir='ltr'><strong>narratis</strong></span> <span class='ocrx_word' id='word_1_212' title='bbox 381 2881 439 2923; x_wconf 92' lang='lat' dir='ltr'><strong>non</strong></span> <span class='ocrx_word' id='word_1_213' title='bbox 459 2865 532 2923; x_wconf 92' lang='lat' dir='ltr'><strong>illud</strong></span> <span class='ocrx_word' id='word_1_214' title='bbox 553 2865 644 2922; x_wconf 88' lang='lat' dir='ltr'><strong>solum</strong></span> <span class='ocrx_word' id='word_1_215' title='bbox 665 2864 848 2937; x_wconf 90' lang='lat' dir='ltr'><strong>proverbium</strong></span> <span class='ocrx_word' id='word_1_216' title='bbox 869 2863 1011 2935; x_wconf 81' lang='lat' dir='ltr'><strong>originem</strong></span> <span class='ocrx_word' id='word_1_217' title='bbox 1036 2862 1153 2920; x_wconf 89' lang='lat' dir='ltr'><strong>duxisse</strong></span> <span class='ocrx_word' id='word_1_218' title='bbox 1174 2865 1281 2933; x_wconf 90' lang='lat' dir='ltr'><strong>censet,</strong></span> 
     </span>
     <span class='ocr_line' id='line_1_27' title="bbox 163 2959 1284 3039; baseline -0.004 -18"><span class='ocrx_word' id='word_1_219' title='bbox 163 2963 508 3039; x_wconf 76' lang='grc' dir='ltr'><strong>Ι11111111111111111111111,</strong></span> <span class='ocrx_word' id='word_1_220' title='bbox 532 2961 559 3027; x_wconf 79' lang='grc' dir='ltr'><strong>ἐξ</strong></span> <span class='ocrx_word' id='word_1_221' title='bbox 581 2960 644 3020; x_wconf 80' lang='lat' dir='ltr'><strong>dvoo</strong></span> <span class='ocrx_word' id='word_1_222' title='bbox 667 2960 858 3038; x_wconf 65' lang='lat' dir='ltr'><strong>superductos,</strong></span> <span class='ocrx_word' id='word_1_223' title='bbox 874 2961 925 3019; x_wconf 89' lang='lat' dir='ltr'><strong>sed</strong></span> <span class='ocrx_word' id='word_1_224' title='bbox 937 2960 1044 3019; x_wconf 90' lang='lat' dir='ltr'><strong>clarius</strong></span> <span class='ocrx_word' id='word_1_225' title='bbox 1064 2960 1152 3018; x_wconf 86' lang='lat' dir='ltr'><strong>etiam</strong></span> <span class='ocrx_word' id='word_1_226' title='bbox 1166 2959 1238 3018; x_wconf 93' lang='lat' dir='ltr'><strong>illud</strong></span> <span class='ocrx_word' id='word_1_227' title='bbox 1254 2965 1284 3018; x_wconf 95' lang='grc'><strong>11</strong></span> 
     </span>
     <span class='ocr_line' id='line_1_28' title="bbox 167 3057 1284 3134; baseline -0.007 -12"><span class='ocrx_word' id='word_1_228' title='bbox 167 3061 318 3134; x_wconf 86' lang='lat' dir='ltr'><strong>vulgarius</strong></span> <span class='ocrx_word' id='word_1_229' title='bbox 333 3062 369 3119; x_wconf 93' lang='lat' dir='ltr'><strong>de</strong></span> <span class='ocrx_word' id='word_1_230' title='bbox 383 3062 485 3118; x_wconf 90' lang='lat' dir='ltr'><strong>umbra</strong></span> <span class='ocrx_word' id='word_1_231' title='bbox 506 3059 590 3129; x_wconf 92' lang='lat' dir='ltr'><strong>asini,</strong></span> <span class='ocrx_word' id='word_1_232' title='bbox 611 3060 686 3130; x_wconf 91' lang='lat' dir='ltr'><strong>quod</strong></span> <span class='ocrx_word' id='word_1_233' title='bbox 705 3065 800 3118; x_wconf 86' lang='lat' dir='ltr'><strong>tamen</strong></span> <span class='ocrx_word' id='word_1_234' title='bbox 814 3059 881 3117; x_wconf 91' lang='lat' dir='ltr'><strong>inde</strong></span> <span class='ocrx_word' id='word_1_235' title='bbox 894 3059 975 3117; x_wconf 89' lang='lat' dir='ltr'><strong>nasci</strong></span> <span class='ocrx_word' id='word_1_236' title='bbox 988 3059 1067 3117; x_wconf 90' lang='lat' dir='ltr'><strong>nullo</strong></span> <span class='ocrx_word' id='word_1_237' title='bbox 1082 3057 1166 3116; x_wconf 91' lang='lat' dir='ltr'><strong>modo</strong></span> <span class='ocrx_word' id='word_1_238' title='bbox 1181 3057 1284 3130; x_wconf 91' lang='lat' dir='ltr'><strong>potuit.</strong></span> 
     </span>
    </p>

    <p class='ocr_par' dir='ltr' id='par_1_4' title="bbox 90 3154 1285 3913">
     <span class='ocr_line' id='line_1_29' title="bbox 249 3154 1284 3230; baseline -0.003 -15"><span class='ocrx_word' id='word_1_239' title='bbox 249 3159 392 3230; x_wconf 80' lang='lat' dir='ltr'><strong>Quattuor</strong></span> <span class='ocrx_word' id='word_1_240' title='bbox 405 3159 449 3216; x_wconf 93' lang='lat' dir='ltr'><strong>his</strong></span> <span class='ocrx_word' id='word_1_241' title='bbox 463 3158 535 3217; x_wconf 93' lang='lat' dir='ltr'><strong>locis</strong></span> <span class='ocrx_word' id='word_1_242' title='bbox 549 3156 739 3230; x_wconf 88' lang='lat' dir='ltr'><strong>pertractatis</strong></span> <span class='ocrx_word' id='word_1_243' title='bbox 752 3158 810 3215; x_wconf 90' lang='lat' dir='ltr'><strong>iam</strong></span> <span class='ocrx_word' id='word_1_244' title='bbox 825 3158 896 3216; x_wconf 90' lang='lat' dir='ltr'><strong>satis</strong></span> <span class='ocrx_word' id='word_1_245' title='bbox 911 3155 1108 3216; x_wconf 89' lang='lat' dir='ltr'><strong>confirmatum</strong></span> <span class='ocrx_word' id='word_1_246' title='bbox 1129 3170 1192 3213; x_wconf 91' lang='lat' dir='ltr'><strong>esse</strong></span> <span class='ocrx_word' id='word_1_247' title='bbox 1213 3154 1284 3212; x_wconf 91' lang='lat' dir='ltr'><strong>mibi</strong></span> 
     </span>
     <span class='ocr_line' id='line_1_30' title="bbox 168 3254 1285 3327; baseline -0.003 -14"><span class='ocrx_word' id='word_1_248' title='bbox 168 3256 282 3315; x_wconf 88' lang='lat' dir='ltr'><strong>videtur</strong></span> <span class='ocrx_word' id='word_1_249' title='bbox 301 3272 333 3314; x_wconf 90' lang='lat' dir='ltr'><strong>re</strong></span> <span class='ocrx_word' id='word_1_250' title='bbox 353 3272 421 3315; x_wconf 91' lang='lat' dir='ltr'><strong>vera</strong></span> <span class='ocrx_word' id='word_1_251' title='bbox 441 3261 471 3314; x_wconf 89' lang='lat' dir='ltr'><strong>et</strong></span> <span class='ocrx_word' id='word_1_252' title='bbox 491 3255 668 3326; x_wconf 87' lang='lat' dir='ltr'><strong>,Lucianum‘</strong></span> <span class='ocrx_word' id='word_1_253' title='bbox 690 3261 720 3313; x_wconf 93' lang='lat' dir='ltr'><strong>et</strong></span> <span class='ocrx_word' id='word_1_254' title='bbox 733 3254 890 3327; x_wconf 89' lang='lat' dir='ltr'><strong>Apuleium</strong></span> <span class='ocrx_word' id='word_1_255' title='bbox 904 3255 1024 3313; x_wconf 89' lang='lat' dir='ltr'><strong>eundem</strong></span> <span class='ocrx_word' id='word_1_256' title='bbox 1039 3254 1150 3313; x_wconf 85' lang='lat' dir='ltr'><strong>fontem</strong></span> <span class='ocrx_word' id='word_1_257' title='bbox 1170 3255 1285 3311; x_wconf 90' lang='lat' dir='ltr'><strong>secutos</strong></span> 
     </span>
     <span class='ocr_line' id='line_1_31' title="bbox 169 3350 1284 3425; baseline -0.007 -12"><span class='ocrx_word' id='word_1_258' title='bbox 169 3370 243 3424; x_wconf 86' lang='lat' dir='ltr'><strong>esse,</strong></span> <span class='ocrx_word' id='word_1_259' title='bbox 265 3354 314 3425; x_wconf 90' lang='lat' dir='ltr'><strong>qui</strong></span> <span class='ocrx_word' id='word_1_260' title='bbox 334 3353 449 3411; x_wconf 90' lang='lat' dir='ltr'><strong>illorum</strong></span> <span class='ocrx_word' id='word_1_261' title='bbox 462 3353 602 3411; x_wconf 90' lang='lat' dir='ltr'><strong>librorum</strong></span> <span class='ocrx_word' id='word_1_262' title='bbox 618 3352 829 3412; x_wconf 92' lang='lat' dir='ltr'><strong>discriminibus</strong></span> <span class='ocrx_word' id='word_1_263' title='bbox 850 3353 1007 3425; x_wconf 90' lang='lat' dir='ltr'><strong>diligenter</strong></span> <span class='ocrx_word' id='word_1_264' title='bbox 1028 3350 1200 3410; x_wconf 86' lang='lat' dir='ltr'><strong>examinatis</strong></span> <span class='ocrx_word' id='word_1_265' title='bbox 1221 3365 1284 3406; x_wconf 91' lang='lat' dir='ltr'><strong>cum</strong></span> 
     </span>
     <span class='ocr_line' id='line_1_32' title="bbox 90 3450 1285 3525; baseline -0.007 -14"><span class='ocrx_word' id='word_1_266' title='bbox 90 3486 96 3495; x_wconf 90' lang='lat'><strong>·</strong></span> <span class='ocrx_word' id='word_1_267' title='bbox 165 3450 277 3525; x_wconf 91' lang='lat' dir='ltr'><strong>optimo</strong></span> <span class='ocrx_word' id='word_1_268' title='bbox 298 3457 403 3510; x_wconf 89' lang='lat' dir='ltr'><strong>eventu</strong></span> <span class='ocrx_word' id='word_1_269' title='bbox 423 3451 516 3523; x_wconf 89' lang='lat' dir='ltr'><strong>possit</strong></span> <span class='ocrx_word' id='word_1_270' title='bbox 537 3450 661 3509; x_wconf 91' lang='lat' dir='ltr'><strong>restitui.</strong></span> <span class='ocrx_word' id='word_1_271' title='bbox 703 3450 783 3521; x_wconf 80' lang='lat' dir='ltr'><strong>Quae</strong></span> <span class='ocrx_word' id='word_1_272' title='bbox 804 3466 867 3507; x_wconf 94' lang='lat' dir='ltr'><strong>cum</strong></span> <span class='ocrx_word' id='word_1_273' title='bbox 895 3450 938 3508; x_wconf 88' lang='lat' dir='ltr'><strong>ita</strong></span> <span class='ocrx_word' id='word_1_274' title='bbox 963 3450 1029 3519; x_wconf 90' lang='lat' dir='ltr'><strong>sint,</strong></span> <span class='ocrx_word' id='word_1_275' title='bbox 1051 3452 1155 3518; x_wconf 89' lang='lat' dir='ltr'><strong>restat,</strong></span> <span class='ocrx_word' id='word_1_276' title='bbox 1182 3450 1216 3504; x_wconf 93' lang='lat' dir='ltr'><strong>ut</strong></span> <span class='ocrx_word' id='word_1_277' title='bbox 1240 3462 1285 3504; x_wconf 91' lang='lat' dir='ltr'><strong>re·</strong></span> 
     </span>
     <span class='ocr_line' id='line_1_33' title="bbox 165 3545 1284 3622; baseline -0.007 -15"><span class='ocrx_word' id='word_1_278' title='bbox 165 3547 263 3621; x_wconf 85' lang='lat' dir='ltr'><strong>liquos</strong></span> <span class='ocrx_word' id='word_1_279' title='bbox 293 3565 391 3608; x_wconf 91' lang='lat' dir='ltr'><strong>eorum</strong></span> <span class='ocrx_word' id='word_1_280' title='bbox 422 3553 532 3622; x_wconf 87' lang='lat' dir='ltr'><strong>partes,</strong></span> <span class='ocrx_word' id='word_1_281' title='bbox 563 3564 736 3619; x_wconf 91' lang='lat' dir='ltr'><strong>quamquam</strong></span> <span class='ocrx_word' id='word_1_282' title='bbox 767 3552 827 3606; x_wconf 89' lang='lat' dir='ltr'><strong>tam</strong></span> <span class='ocrx_word' id='word_1_283' title='bbox 860 3552 941 3606; x_wconf 86' lang='lat' dir='ltr'><strong>certa</strong></span> <span class='ocrx_word' id='word_1_284' title='bbox 975 3545 1168 3618; x_wconf 90' lang='lat' dir='ltr'><strong>excerptionis</strong></span> <span class='ocrx_word' id='word_1_285' title='bbox 1200 3559 1284 3615; x_wconf 83' lang='lat' dir='ltr'><strong>argu·</strong></span> 
     </span>
     <span class='ocr_line' id='line_1_34' title="bbox 165 3644 1285 3718; baseline -0.008 -13"><span class='ocrx_word' id='word_1_286' title='bbox 165 3650 264 3705; x_wconf 89' lang='lat' dir='ltr'><strong>menta</strong></span> <span class='ocrx_word' id='word_1_287' title='bbox 293 3647 324 3705; x_wconf 91' lang='lat' dir='ltr'><strong>in</strong></span> <span class='ocrx_word' id='word_1_288' title='bbox 347 3645 441 3705; x_wconf 85' lang='lat' dir='ltr'><strong>Asino</strong></span> <span class='ocrx_word' id='word_1_289' title='bbox 474 3663 530 3703; x_wconf 94' lang='lat' dir='ltr'><strong>non</strong></span> <span class='ocrx_word' id='word_1_290' title='bbox 555 3651 670 3718; x_wconf 89' lang='lat' dir='ltr'><strong>praesto</strong></span> <span class='ocrx_word' id='word_1_291' title='bbox 703 3648 782 3715; x_wconf 89' lang='lat' dir='ltr'><strong>sunt,</strong></span> <span class='ocrx_word' id='word_1_292' title='bbox 813 3644 900 3703; x_wconf 90' lang='lat' dir='ltr'><strong>simili</strong></span> <span class='ocrx_word' id='word_1_293' title='bbox 930 3644 1043 3702; x_wconf 86' lang='lat' dir='ltr'><strong>ratione</strong></span> <span class='ocrx_word' id='word_1_294' title='bbox 1076 3655 1285 3714; x_wconf 91' lang='lat' dir='ltr'><strong>comparemus,</strong></span> 
     </span>
     <span class='ocr_line' id='line_1_35' title="bbox 166 3738 1285 3817; baseline -0.007 -15"><span class='ocrx_word' id='word_1_295' title='bbox 166 3743 293 3816; x_wconf 89' lang='lat' dir='ltr'><strong>quidque</strong></span> <span class='ocrx_word' id='word_1_296' title='bbox 313 3744 379 3803; x_wconf 89' lang='lat' dir='ltr'><strong>inde</strong></span> <span class='ocrx_word' id='word_1_297' title='bbox 399 3745 497 3816; x_wconf 85' lang='lat' dir='ltr'><strong>colligi</strong></span> <span class='ocrx_word' id='word_1_298' title='bbox 520 3745 613 3817; x_wconf 82' lang='lat' dir='ltr'><strong>possit</strong></span> <span class='ocrx_word' id='word_1_299' title='bbox 633 3745 713 3802; x_wconf 89' lang='lat' dir='ltr'><strong>etde</strong></span> <span class='ocrx_word' id='word_1_300' title='bbox 733 3745 884 3814; x_wconf 89' lang='lat' dir='ltr'><strong>utriusque</strong></span> <span class='ocrx_word' id='word_1_301' title='bbox 898 3742 1011 3800; x_wconf 88' lang='lat' dir='ltr'><strong>ratione</strong></span> <span class='ocrx_word' id='word_1_302' title='bbox 1026 3744 1055 3799; x_wconf 89' lang='lat' dir='ltr'><strong>et</strong></span> <span class='ocrx_word' id='word_1_303' title='bbox 1070 3740 1105 3798; x_wconf 92' lang='lat' dir='ltr'><strong>de</strong></span> <span class='ocrx_word' id='word_1_304' title='bbox 1127 3738 1285 3797; x_wconf 89' lang='lat' dir='ltr'><strong>communis</strong></span> 
     </span>
     <span class='ocr_line' id='line_1_36' title="bbox 165 3840 854 3913; baseline -0.001 -14"><span class='ocrx_word' id='word_1_305' title='bbox 165 3840 256 3900; x_wconf 79' lang='grc'>1111111</span> <span class='ocrx_word' id='word_1_306' title='bbox 275 3843 453 3912; x_wconf 87' lang='lat' dir='ltr'><strong>narratione,</strong></span> <span class='ocrx_word' id='word_1_307' title='bbox 479 3842 620 3900; x_wconf 87' lang='lat' dir='ltr'><strong>acerrime</strong></span> <span class='ocrx_word' id='word_1_308' title='bbox 641 3843 854 3913; x_wconf 87' lang='lat' dir='ltr'><strong>investigemus.</strong></span> 
     </span>
    </p>

    <p class='ocr_par' dir='ltr' id='par_1_5' title="bbox 170 3933 1286 4110">
     <span class='ocr_line' id='line_1_37' title="bbox 250 3933 1286 4012; baseline -0.012 -12"><span class='ocrx_word' id='word_1_309' title='bbox 250 3938 363 4000; x_wconf 85' lang='lat' dir='ltr'><strong>Narrat</strong></span> <span class='ocrx_word' id='word_1_310' title='bbox 383 3939 460 4012; x_wconf 90' lang='lat' dir='ltr'><strong>apud</strong></span> <span class='ocrx_word' id='word_1_311' title='bbox 482 3939 642 3998; x_wconf 90' lang='lat' dir='ltr'><strong>Lucianum</strong></span> <span class='ocrx_word' id='word_1_312' title='bbox 664 3938 757 4011; x_wconf 90' lang='lat' dir='ltr'><strong>primo</strong></span> <span class='ocrx_word' id='word_1_313' title='bbox 778 3938 874 4010; x_wconf 89' lang='lat' dir='ltr'><strong>capite</strong></span> <span class='ocrx_word' id='word_1_314' title='bbox 895 3935 1002 3996; x_wconf 87' lang='lat' dir='ltr'><strong>Lucius</strong></span> <span class='ocrx_word' id='word_1_315' title='bbox 1023 3951 1054 3994; x_wconf 93' lang='lat' dir='ltr'><strong>se</strong></span> <span class='ocrx_word' id='word_1_316' title='bbox 1075 3933 1229 4005; x_wconf 87' lang='lat' dir='ltr'><strong>aliquando</strong></span> <span class='ocrx_word' id='word_1_317' title='bbox 1251 3949 1286 3991; x_wconf 91' lang='lat' dir='ltr'><strong>ex</strong></span> 
     </span>
     <span class='ocr_line' id='line_1_38' title="bbox 170 4031 1284 4110; baseline -0.005 -17"><span class='ocrx_word' id='word_1_318' title='bbox 170 4035 290 4109; x_wconf 78' lang='lat' dir='ltr'><strong>negotio</strong></span> <span class='ocrx_word' id='word_1_319' title='bbox 310 4035 490 4096; x_wconf 78' lang='lat' dir='ltr'><strong>Thessaliam</strong></span> <span class='ocrx_word' id='word_1_320' title='bbox 518 4035 656 4110; x_wconf 87' lang='lat' dir='ltr'><strong>petivisse</strong></span> <span class='ocrx_word' id='word_1_321' title='bbox 679 4035 850 4105; x_wconf 85' lang='lat' dir='ltr'><strong>litterasque</strong></span> <span class='ocrx_word' id='word_1_322' title='bbox 875 4033 1008 4092; x_wconf 87' lang='lat' dir='ltr'><strong>habuisse</strong></span> <span class='ocrx_word' id='word_1_323' title='bbox 1028 4032 1066 4090; x_wconf 88' lang='lat' dir='ltr'><strong>ad</strong></span> <span class='ocrx_word' id='word_1_324' title='bbox 1087 4031 1284 4105; x_wconf 89' lang='lat' dir='ltr'><strong>Hipparchum</strong></span> 
     </span>
    </p>
   </div>
   <div class='ocr_carea' id='block_1_3' title="bbox 0 0 1461 4702">
    <p class='ocr_par' dir='ltr' id='par_1_6' title="bbox 0 0 1461 4702">
     <span class='ocr_line' id='line_1_39' title="bbox 0 0 1461 4702; baseline 0 0"><span class='ocrx_word' id='word_1_325' title='bbox 0 0 1461 4702; x_wconf 95' lang='lat' dir='ltr'><strong> </strong></span> 
     </span>
    </p>
   </div>
  </div>
 </body>
</html>
