2902 4702
617 330 837 394 „30-

168 522 386 595 Hypateusibus
411 525 483 581 artis
513 524 640 596 magicae
660 522 738 582 fama
767 523 860 580 miuus
885 519 1027 594 floruisse,
1060 527 1091 580 et
1125 524 1286 584 clarissime

171 620 316 679 refellitur
336 623 385 695 eis,
408 638 482 693 quae
501 623 531 679 in
544 621 651 695 Apulei
664 622 739 679 libro
760 621 790 680 II
804 637 821 679 a
836 637 898 693 cap.
914 621 952 678 22
967 619 1002 679 de
1015 621 1132 679 illarum
1151 623 1288 696 potentia

172 719 305 789 exposita
324 724 399 779 sunt.
439 718 550 778 Contra
564 721 725 795 clarissima
738 720 810 777 haec
825 719 920 778 omnia
940 724 1008 777 sunt
1027 718 1105 791 apud
1117 718 1285 794 Apuleium,

170 815 247 886 apud
268 832 352 886 quem
373 818 448 876 banc
469 820 504 876 ob
526 818 641 876 causam
659 818 786 890 Hypatis
806 818 987 890 potissimum
1007 818 1067 875 tale
1087 818 1285 891 spectaculum

170 915 308 986 magicum
330 931 360 972 se
380 915 509 974 visurum
529 933 592 974 esse
612 920 710 988 sperat
731 914 777 989 (II
801 915 841 990 l),
864 915 939 985 quod
957 915 1093 974 comitum
1107 915 1289 974 sermonibus

169 1010 244 1069 libro
259 1012 445 1084 praecedenti
455 1013 553 1070 allatis
564 1012 600 1069 de
611 1027 762 1083 maganum
772 1011 984 1085 Hypateusium
1000 1011 1071 1071 diris
1086 1012 1286 1071 conaminibus

170 1125 217 1167 res
237 1111 395 1182 permultas
426 1125 512 1180 quam
546 1108 669 1167 maxime
699 1108 845 1167 mirandas
872 1100 907 1165 'et
931 1109 1089 1180 stupendas
1120 1109 1285 1168 audiverat.

170 1205 358 1264 Manifestum
384 1211 429 1265 est
454 1206 546 1264 simile
572 1206 639 1278 quid
664 1205 741 1278 apud
761 1205 922 1263 Lucianum
952 1205 1184 1265 adsentantium
1203 1207 1285 1266 illam

172 1303 371 1374 explicandam
393 1303 553 1362 desiderari
573 1320 608 1361 ac
627 1319 720 1375 paene
740 1301 876 1375 flagitari.
918 1303 997 1374 Quae
1011 1303 1145 1362 molestia
1159 1303 1201 1362 sic
1222 1303 1285 1362 sine

171 1398 257 1457 dubio
279 1400 387 1472 optime
407 1400 539 1471 tolletur,
560 1401 585 1459 si
599 1401 720 1458 Asinum
740 1401 795 1458 hoc
816 1416 927 1472 quoque
948 1400 1011 1459 loco
1033 1405 1200 1472 excerptum
1221 1416 1285 1460 esse

169 1497 329 1553 statuemus
349 1513 440 1568 eaque
461 1498 564 1566 recisa,
587 1513 660 1567 quac
681 1514 717 1554 cx
737 1496 910 1569 Apuleianis
930 1497 1020 1555 Lucio
1040 1497 1196 1561 vindicavi.

247 1592 380 1662 Accedit,
403 1594 478 1666 quod
493 1595 580 1652 etiam
593 1595 623 1651 in
638 1596 700 1666 ipso
715 1592 803 1652 Asini
815 1599 899 1652 textu
918 1595 1112 1667 excerptionis
1130 1594 1286 1666 vestigium

170 1691 242 1749 satis
263 1692 372 1749 clarum
392 1691 508 1750 videtur
529 1697 653 1750 exstare.
694 1691 838 1749 Maximae
859 1692 934 1748 euim
955 1690 1140 1750 difficultates
1152 1693 1285 1763 ,praebet

167 1790 312 1847 sententia
338 1789 404 1862 illa,
433 1806 517 1860 quam
544 1789 641 1861 paullo
672 1794 739 1861 post
759 1789 906 1847 exordium
932 1789 1068 1861 scriptam
1089 1788 1288 1848 videmussed

169 1907 229 1948 πως
249 1887 346 1965 ἔτυχον
361 1886 407 1945 καὶ
428 1885 504 1945 ἄλλοι
525 1885 647 1949 ἀπιόντες
659 1886 695 1949 εἰς
714 1883 823 1943 Ὕπατα
844 1885 920 1943 πόλιν
941 1889 989 1962 τῆς
1010 1883 1155 1950 Θετταλίας
1176 1884 1282 1945 ἐκεῖθεν

168 1981 252 2045 ὄντες.
294 1982 420 2042 Videtur
441 1985 516 2042 euim
541 1985 606 2053 ille,
628 1985 654 2042 si
674 1988 809 2042 accurate
829 1983 1041 2055 interpreteris,
1069 1983 1216 2055 particula
1237 1981 1285 2041 aul

169 2084 237 2136 ante
258 2077 336 2136 ἄλλοι
375 2081 484 2138 inserta
509 2081 671 2139 necessario
697 2080 859 2154 postulare,
891 2085 924 2137 ut
949 2085 1035 2138 autea
1055 2079 1140 2139 Lucii
1160 2080 1282 2152 Hypata

168 2175 368 2248 proficiscendi
409 2177 558 2235 eonsilium
595 2183 847 2236 commemoratum
878 2177 930 2249 sit,
963 2177 1119 2248 eademque
1151 2194 1214 2235 cum
1247 2177 1284 2236 ad

170 2290 272 2332 nomen
297 2271 406 2331 Ὕπατα
427 2274 583 2345 explicatio
605 2275 721 2332 adiecta
735 2276 773 2332 sit
792 2274 869 2332 πόλιν
882 2278 931 2350 τῆς
946 2271 1099 2346 Θετταλίας,
1123 2274 1282 2334 clarissime

168 2371 297 2428 indicare
317 2371 417 2428 urbem
437 2371 517 2428 illam
538 2372 592 2429 hoc
613 2371 676 2429 loco
697 2372 790 2444 primo
810 2372 960 2444 appellari.
1002 2372 1093 2442 Quam
1115 2371 1280 2443 discrepan-

166 2469 237 2525 tiam
257 2467 394 2525 facillime
415 2468 553 2541 explices,
587 2469 611 2526 si
636 2474 763 2526 nostram
789 2470 824 2526 de
844 2470 930 2527 Lucii
955 2470 1121 2527 narratione
1140 2467 1282 2540 probabis
1317 2506 1321 2512 ·

166 2566 348 2624 senteutiam.
385 2566 466 2624 Tunc
480 2565 556 2624 enim
571 2571 701 2639 apparet,
717 2566 838 2639 primam
851 2566 935 2624 buius
950 2566 1053 2639 capitis
1066 2569 1178 2638 partem
1190 2581 1282 2637 usque

167 2664 203 2722 ad
225 2664 318 2738 ipsam
342 2666 417 2723 banc
444 2665 630 2733 sententiam,
663 2681 727 2722 cum
753 2670 890 2723 accurate
916 2665 1049 2722 concinat
1069 2680 1133 2722 cum
1153 2662 1282 2737 Apuleio

109 2829 115 2839 Ι
168 2760 198 2836 (Ι
220 2762 252 2837 2)
273 2761 404 2834 profecto
425 2762 516 2834 ipsius
535 2761 620 2819 Lucii
642 2762 791 2834 exemplar
810 2761 894 2819 nobis
912 2766 1141 2833 repraesentare.
1181 2759 1282 2832 Atque

167 2859 256 2917 etiam
277 2859 362 2916 huius
383 2858 526 2916 enuntiati
547 2865 660 2929 partem
674 2860 801 2930 priorem
822 2859 919 2935 ἔτυχον
941 2858 970 2915 δὲ
992 2857 1037 2916 καὶ
1059 2855 1144 2931 ἄλλοι,
1168 2859 1193 2917 si
1214 2873 1281 2916 con·

167 2955 228 3013 fero
249 2953 359 3027 Apulei
378 2955 468 3013 verba
495 2956 521 3029 (Ι
543 2955 573 3030 2)
599 2957 726 3026 ,duobus
755 2956 903 3023 comitum,
930 2958 980 3028 qui
1004 2955 1100 3014 forte
1121 2955 1282 3028 paullulum

167 3056 380 3124 processerant,
413 3051 530 3108 tertium
551 3068 598 3109 me
619 3053 727 3124 faciut,
762 3053 800 3111 ad
824 3053 905 3110 illum
931 3052 1103 3112 rettulerim.
1146 3054 1186 3110 At
1207 3067 1282 3123 quae

167 3133 300 3220 deinceps
321 3147 479 3207 afferuntur
493 3148 529 3205 de
543 3149 678 3206 comitum
698 3151 794 3221 patria
815 3153 844 3209 et
858 3151 963 3208 itinere
985 3149 1107 3213 ἀπιόντες
1127 3149 1155 3212 ἐς
1172 3147 1282 3206 Ὕπατα

166 3245 272 3304 ἐκεῖθεν
293 3243 368 3307 ὄντες
389 3249 520 3317 apertum
541 3250 587 3302 est
606 3245 643 3303 ab
668 3251 836 3319 excerptore
860 3263 923 3306 esse
943 3247 1089 3320 proiecta,
1122 3263 1185 3304 cum
1204 3245 1281 3319 apud

166 3341 287 3399 Lucium
309 3343 443 3400 comitum
461 3341 589 3414 ipsorum
610 3359 741 3400 sermone
755 3343 872 3402 inducto
887 3345 959 3402 haec
975 3360 1085 3416 quoque
1105 3358 1222 3401 necesse
1241 3343 1282 3400 sit

168 3439 279 3497 directa
299 3439 428 3497 oratione
449 3439 538 3498 fuisse
559 3439 699 3500 exhibita.
741 3439 838 3513 Quare
864 3457 927 3498 cum
953 3442 1079 3513 priorem
1106 3439 1190 3499 huius
1214 3454 1279 3497 sen·

168 3538 278 3596 tentiae
289 3541 402 3610 partem
412 3552 470 3594 una
481 3553 544 3595 cum
557 3537 795 3608 praecedentibus
806 3543 959 3610 excerptor
970 3554 1006 3596 ex
1016 3537 1173 3610 exemplari
1183 3536 1281 3594 videa·

167 3641 215 3693 tur
239 3635 465 3719 transcripsisse,
486 3635 676 3707 posteriorem
695 3651 730 3693 ex
750 3636 813 3708 ipso
835 3637 969 3694 comitum
989 3637 1129 3707 colloquio
1147 3635 1280 3694 haustam

167 3733 202 3790 de
223 3749 273 3790 suo
295 3732 448 3801 addidisse,
469 3732 539 3802 quid
559 3732 671 3804 mirum,
694 3733 769 3805 quod
789 3733 855 3805 ipsa
876 3734 927 3791 illa
947 3751 1042 3793 secum
1063 3735 1194 3806 pugnata

244 3829 382 3888 Omnibus
412 3829 470 3887 iam
500 3835 580 3888 recte
611 3830 771 3902 perspectis
792 3830 864 3889 illud
889 3835 996 3902 restat,
1027 3835 1060 3888 ut
1090 3831 1165 3888 hauc
1195 3827 1280 3886 Lucii

165 3927 341 3984 narrationis
366 3927 488 3986 formam
509 3943 544 3984 ex
563 3926 689 3999 Apuleio
715 3928 881 3986 restitutam
908 3933 995 3987 etex
1016 3927 1164 4000 ,Luciano‘
1185 3925 1279 3983 firma·

166 4027 227 4080 tam
254 4023 360 4095 optime
380 4023 418 4081 ad
444 4040 479 4082 ea
506 4039 617 4095 quoque
641 4024 784 4094 quadrare
808 4040 948 4098 moneam,
974 4040 1046 4096 quae
1071 4029 1137 4083 ante
1161 4019 1277 4098 (p.10)
