2902 4702
596 380 815 440 ..47-

151 576 275 649 priunum
307 580 336 635 et
366 575 459 648 ipsam
490 577 611 630 mortem
641 570 738 629 inedia
757 570 907 644 petivisse,
940 575 1088 628 exoratam
1109 567 1262 627 taudema

150 673 326 749 parentibus,
348 676 381 729 ut
401 672 478 730 vitae
499 688 567 730 suae
588 675 730 743 parceret,
752 670 832 726 luctu
852 672 882 726 et
895 683 1026 726 maerore
1041 667 1166 725 animum
1181 681 1263 738 carp·

151 771 222 829 sisse
243 775 273 828 et
297 770 453 843 ,imagines
474 767 610 840 defuncti,
633 784 705 839 quas
726 766 764 825 ad
783 765 912 823 habitum
933 764 981 822 dei
1000 764 1100 822 Liberi
1120 763 1262 822 formave·

151 871 207 938 rat,
230 866 323 925 adfixo
345 866 465 924 servitio
491 864 595 923 divinis
620 864 815 936 percolentem
828 861 986 920 honoribus
1000 861 1063 934 ipso
1078 877 1142 919 sese
1156 860 1263 919 solacio

151 963 322 1021 cruciasse“.
356 962 427 1020 Gum
448 966 545 1019 autem
563 960 734 1034 Thrasyllus
754 977 818 1019 eam
839 961 875 1019 de
896 959 1004 1031 nuptiis
1024 958 1176 1016 convenire
1198 973 1264 1016 coe·

152 1060 256 1131 pisset,
287 1060 419 1116 umbram
441 1058 600 1131 Tlepolemi
630 1073 682 1129 per
712 1072 841 1116 somnum
872 1057 900 1114 ei
925 1055 1017 1112 visam
1038 1055 1129 1113 totius
1148 1054 1265 1112 sceleris

147 1172 285 1215 ‚scaenam
306 1157 334 1213 ei
354 1155 531 1228 patefecisse.
563 1155 625 1227 Quo
645 1160 783 1228 percepto
805 1154 958 1226 Thrasyllo
979 1168 1042 1210 eam
1063 1167 1116 1224 per
1136 1167 1266 1209 somnum
1314 1217 1317 1225 ¹

154 1269 207 1310 acu
228 1253 386 1311 comatoria
407 1253 505 1310 oculos
525 1252 658 1310 effodisse
679 1256 710 1309 et
731 1256 791 1309 tum
811 1251 867 1308 sibi
888 1251 981 1324 ipsam
995 1248 1156 1322 Tlepolemi
1169 1247 1265 1320 gladio

156 1354 278 1408 mortem
309 1349 492 1409 conscivisse.
538 1348 725 1422 Thrasyllum
750 1348 881 1406 omnibus
902 1347 1025 1418 cognitis
1046 1346 1123 1403 fame
1143 1350 1266 1403 mortem

148 1461 292 1518 quaerere
313 1446 505 1505 constituisse.
593 1491 596 1496 .

234 1545 324 1602 Recte
346 1544 455 1616 primns
476 1543 626 1601 admonuit
646 1543 789 1602 Maassius
810 1542 985 1600 Bacchicam
1004 1541 1084 1599 illam
1105 1538 1266 1612 Tlepolemi

155 1641 309 1712 imaginem
340 1642 377 1698 ab
408 1640 558 1713 Euripidis
588 1640 751 1698 Protesilao
783 1640 821 1697 ad
848 1640 1045 1711 Tlepolemum
1075 1637 1267 1709 Apuleianum

155 1738 328 1795 translatam
349 1753 412 1795 esse
433 1741 463 1795 et
484 1737 597 1794 omnino
619 1737 649 1794 in
669 1736 815 1809 plerisque
836 1736 911 1795 hanc
923 1734 1034 1808 Apulei
1054 1734 1182 1793 fabulam
1204 1750 1268 1792 cnm

155 1834 315 1906 Euripidae
345 1834 516 1892 consentire.
559 1831 719 1903 Utramque
751 1834 826 1890 enim
856 1831 1046 1890 Laodamiam
1078 1837 1108 1889 et
1128 1830 1268 1890 Chariten

157 1945 262 1990 novam
282 1935 402 2003 nuptam
422 1931 597 2002 interempto
618 1930 722 1987 marito
743 1928 850 1986 mortui
870 1929 994 2000 imagine
1015 1925 1168 1994 delectari,
1195 1927 1269 1986 utri·

93 2065 96 2070 -
158 2044 213 2099 que
243 2028 373 2099 coniugis
395 2029 526 2086 umbram
556 2044 712 2099 apparere,
744 2030 776 2085 ut
806 2043 882 2086 nova
902 2027 1086 2085 matrimonia
1106 2026 1269 2100 impediret,

157 2129 308 2195 utramque
329 2123 414 2182 fidem
434 2128 612 2183 servaturam
634 2127 755 2182 mortem
776 2124 833 2181 sibi
854 2125 1040 2184 consciscere.
1071 2123 1160 2182 Patet
1174 2129 1268 2183 autem

159 2237 222 2278 mea
254 2221 367 2292 quidem
399 2222 543 2280 sententia
569 2221 727 2280 clarissime
747 2223 823 2280 hanc
842 2221 1020 2294 Euripideae
1040 2221 1156 2280 fabulae
1176 2222 1271 2280 imita·

159 2319 266 2377 tionem
291 2319 322 2376 in
342 2320 397 2377 hac
418 2323 529 2376 tantum
550 2320 658 2378 fabella
679 2320 860 2392 conspicuam
882 2336 954 2390 esse,
976 2331 1050 2392 quae
1070 2323 1115 2378 est
1135 2320 1171 2378 de
1191 2319 1272 2378 Oba-

159 2418 234 2474 ritae
259 2421 366 2490 morte,
399 2418 431 2475 in
455 2417 602 2490 prioribus
622 2421 719 2476 autem
739 2435 775 2476 ne
796 2418 944 2476 minimum
964 2419 1078 2491 quidem
1099 2419 1161 2476 eius
1180 2419 1271 2478 vesti·

160 2515 236 2587 giam
257 2515 362 2588 detegi.
395 2516 495 2587 Neque
516 2517 600 2585 enim,
622 2519 655 2573 ut
674 2516 818 2574 Maassius
838 2517 938 2588 voluit,
959 2517 1033 2583 ideo,
1056 2516 1133 2588 quod
1153 2515 1271 2573 Charite

161 2612 222 2682 ipso
243 2613 411 2683 nuptiarum
432 2613 479 2670 die
499 2629 517 2669 a
537 2612 701 2670 latronibus
721 2613 874 2685 abripitur,
896 2619 976 2671 recte
997 2612 1161 2684 comparari
1175 2615 1272 2685 potest

161 2723 225 2764 cum
244 2707 413 2781 Laodamia,
434 2725 507 2779 quae
528 2713 557 2765 et
577 2709 642 2780 ipsa
661 2711 727 2781 post
746 2725 833 2766 unam
853 2714 966 2767 noctem
987 2713 1017 2767 et
1036 2708 1200 2767 rudimenta
1213 2707 1273 2768 Ve-

161 2803 239 2861 neris
260 2821 278 2861 a
298 2804 403 2862 marito
425 2820 476 2862 suo
498 2809 634 2878 separata
653 2805 705 2874 sit,
727 2805 849 2877 indeque
870 2805 1001 2864 concludi
1021 2805 1215 2863 Protesilaum
1236 2805 1273 2863 ab

161 2899 289 2973 Apuleio
310 2901 366 2959 hoc
386 2916 499 2973 quoque
518 2902 581 2960 loco
596 2907 759 2974 respectum
772 2919 843 2962 esse.
875 2904 950 2963 Nam
964 2903 1126 2962 Laodamia
1138 2903 1273 2961 maritum

162 3015 242 3057 suum
274 2998 311 3056 ad
341 2999 448 3056 bellum
478 2999 638 3057 Troianum
667 2999 830 3072 proiectum
861 3017 1000 3072 nusquam
1029 3009 1133 3073 postea
1162 3001 1272 3071 revisit,

163 3095 281 3154 Charite
301 3096 400 3168 paullo
421 3100 487 3169 post
507 3098 543 3154 ab
565 3097 627 3169 ipso
641 3097 806 3170 Tlepolemo
827 3115 926 3157 rursus
946 3098 1087 3156 liberatur
1105 3114 1169 3156 cum
1183 3113 1273 3168 eoque

162 3193 271 3264 nuptiis
292 3194 482 3266 coniungitur,
515 3195 604 3253 Immo
626 3212 688 3254 cum
709 3195 884 3254 Laodamiae
905 3196 1015 3268 nuptiis
1035 3195 1193 3254 Protesilai
1205 3210 1272 3268 pro·

163 3289 289 3347 factione
310 3296 458 3362 monteque
479 3292 627 3364 diremptis
648 3292 719 3361 sola,
741 3309 814 3365 quae
834 3294 865 3350 in
884 3294 948 3365 ipsa
968 3293 1003 3352 de
1024 3298 1117 3352 morte
1138 3291 1274 3351 Charitae

165 3386 262 3445 fabula
283 3389 418 3458 occurrit,
441 3389 607 3463 nuptiarum
622 3389 759 3449 Charitas
780 3392 952 3464 interruptio
974 3396 1004 3449 et
1024 3391 1088 3464 ipsa
1102 3389 1190 3448 caede
1204 3387 1274 3446 Tle-

164 3485 268 3555 polemi
289 3485 391 3544 effecta
410 3488 542 3560 componi
562 3487 633 3545 mihi
654 3504 739 3560 posse
761 3489 887 3548 videtur.
922 3489 983 3560 Quo
1004 3491 1115 3546 statuto
1130 3486 1216 3545 facile
1228 3486 1276 3544 in·

163 3579 282 3653 telleges
303 3581 419 3640 fabulae
438 3582 616 3656 Euripideae
637 3601 693 3656 qua
714 3586 826 3644 rabone
849 3592 964 3645 ceterae
984 3589 1083 3659 partes
1103 3585 1140 3643 ab
1155 3583 1277 3656 Apuleio

164 3676 219 3735 hac
239 3679 405 3737 narratione
420 3696 572 3752 expressae
586 3681 652 3754 sint,
676 3683 752 3754 quod
764 3688 844 3743 recte
857 3683 1000 3741 Maassius
1014 3682 1155 3755 exposuit,
1177 3681 1277 3739 eadem
1394 3702 1397 3709 ·

165 3774 279 3832 initium
300 3776 331 3832 in
351 3776 434 3835 huius
454 3776 539 3835 initio
560 3784 724 3851 respectum
744 3796 814 3852 esse,
836 3780 887 3839 ubi
906 3780 1068 3853 Tlepolemi
1087 3795 1164 3838 mors
1183 3778 1276 3840 reler-

165 3878 221 3930 tur.
264 3872 346 3943 Quod
366 3873 390 3930 si
410 3890 511 3933 verum
531 3877 588 3947 est,
622 3892 659 3933 ex
678 3880 744 3934 tota
764 3874 864 3934 fabula
884 3876 1053 3948 Emtpidea,
1074 3876 1151 3947 quod
1171 3874 1207 3934 ad
1227 3875 1279 3933 illa

165 3970 264 4042 priora
288 3968 393 4030 referri
413 3972 518 4044 possit,
550 3972 681 4044 profecto
703 3973 776 4032 nihil
797 3974 855 4033 iam
875 3974 1017 4046 reliquum
1037 3978 1089 4034 est.
1136 3972 1279 4047 Exposuit

167 4072 321 4138 praeterea
341 4069 483 4128 Maassius
504 4073 621 4143 praeter
641 4069 797 4128 Protesilai
817 4070 947 4130 fabulam
968 4070 1088 4130 eundem
1108 4071 1279 4143 scriptorem
