2902 4702
615 350 837 415 „35-

168 541 269 600 veuitt
299 540 335 599 Id
356 541 417 599 siue
440 541 525 599 dubio
548 547 756 615 exspectamus,
779 544 853 614 quod
873 549 942 602 aute
957 545 1065 603 dictum
1080 550 1196 604 osteum
1212 547 1285 605 obli·

168 643 229 695 tum
250 654 312 697 esse
334 639 446 697 scilicet
460 639 517 696 iter
528 639 707 699 Larisseuse.
743 638 801 698 Sed
815 641 902 712 plane
916 640 995 699 fallit
1008 657 1060 700 nos
1074 643 1147 701 haec
1162 659 1284 716 exspec-

168 736 258 804 tatio,
291 751 355 793 cum
385 735 415 792 iu
437 736 548 794 Gracco
580 741 661 794 textu
693 737 760 795 huic
791 738 883 810 priori
913 739 1073 798 sententiae
1104 741 1183 813 parti
1213 741 1285 800 haec

168 831 298 891 subiecta
329 832 387 889 sint
412 831 441 895 ἐς
464 833 495 890 τὸ
521 833 619 916 μαθεῖνΙ
640 833 679 891 ὧν
700 832 780 893 ἕνεκα
801 833 918 911 ἤθλουν,
951 835 998 894 καί
1016 858 1086 913 φημι
1105 836 1172 915 πρὸς
1193 835 1284 914 αὐτήν.

169 929 258 989 Vides
278 930 380 1000 igitur,
401 946 486 1002 quam
506 932 677 1003 perturbata
697 931 744 990 bic
764 931 822 990 sint
843 933 951 991 omnia:
974 949 1008 991 eo
1029 935 1102 1002 loco,
1123 935 1174 993 ubi
1192 935 1284 1006 magi·

170 1042 220 1085 cae
245 1026 368 1085 alicuius
387 1028 432 1086 rei
452 1028 595 1087 videndae
614 1030 764 1087 consilium
784 1045 821 1086 ex
842 1033 978 1088 contextu
999 1027 1092 1089 elucet
1113 1047 1284 1090 commemo-

168 1123 289 1182 randum
309 1122 406 1192 fuisse,
427 1124 485 1183 iter
505 1125 678 1185 Larissense
698 1125 825 1194 affertur,
847 1127 955 1185 inillis
976 1132 1085 1198 contra,
1107 1144 1181 1199 quae
1195 1128 1233 1186 ad
1254 1127 1285 1186 id

169 1220 260 1278 solum
291 1221 349 1280 iter
378 1223 485 1280 referri
515 1241 598 1296 posse
628 1225 777 1293 videntur,
803 1240 921 1296 prorsus
946 1224 982 1282 de
1001 1225 1157 1297 improviso
1177 1225 1285 1283 mentio

169 1334 268 1376 rorum
289 1320 463 1392 magicarum
488 1320 615 1378 inicitur.
658 1322 721 1379 Iam
747 1321 903 1393 considera,
925 1336 982 1392 qua
1002 1322 1114 1380 ratione
1134 1323 1190 1379 bae
1212 1322 1285 1380 duae

169 1415 302 1475 diversae
328 1421 426 1488 partes
447 1417 506 1474 sint
527 1418 696 1489 colligatae,
727 1434 802 1489 quae
822 1435 910 1492 porro
932 1418 971 1476 sit
991 1423 1138 1477 structura
1160 1417 1203 1476 ἐπὶ
1223 1420 1285 1477 νοῦν

170 1533 216 1586 μοι
236 1511 322 1588 ἦλθεν
343 1511 376 1576 ἐς
395 1513 427 1570 τὸ
448 1513 599 1590 μαθεῖνῡῐῑ)
633 1515 733 1573 Facile
754 1516 879 1573 conicias
900 1515 955 1573 duo
976 1514 1050 1574 haec
1074 1516 1145 1587 oola,
1167 1532 1241 1587 quae
1256 1521 1287 1576 et

170 1609 255 1667 sensu
285 1609 323 1667 ad
353 1625 399 1668 res
426 1610 637 1670 diversissimas
657 1612 803 1684 pertinere
824 1613 990 1684 videantur,
1023 1629 1115 1684 neque
1136 1618 1285 1672 structure

170 1709 236 1776 epte
266 1705 344 1764 inter
375 1722 406 1764 se
437 1723 546 1766 conexa
572 1709 642 1775 siut,
673 1709 704 1766 iu
730 1710 889 1782 exemplari
915 1710 1030 1767 omniuo
1053 1710 1207 1768 coniuncta
1227 1727 1284 1768 non

170 1801 269 1870 fuisse,
291 1802 342 1861 sed
363 1803 399 1861 ab
421 1808 590 1877 excerptore
613 1805 734 1864 diversis
755 1806 941 1879 expertibus
962 1807 1090 1878 repetita
1103 1807 1284 1878 ineptissime

170 1900 201 1956 in
221 1899 305 1958 unius
326 1901 468 1959 enuntiati
488 1900 610 1961 formam
631 1902 750 1961 confusa
765 1919 835 1961 esse.
869 1903 950 1974 Quod
964 1904 1083 1976 egregie
1098 1903 1285 1961 confirmatur

172 1997 260 2055 etiam
293 1997 390 2056 verbis
411 1999 469 2056 illis
491 1999 538 2058 καί
556 2021 626 2075 φημι
646 2000 713 2077 πρὸς
734 1999 850 2077 abacta
883 2017 974 2072 neque
995 2001 1070 2058 euim
1091 2004 1123 2058 ut
1144 2017 1219 2059 nunc
1240 2005 1286 2060 est

171 2094 329 2166 sententia,
356 2111 413 2153 vox
433 2096 485 2153 illa
505 2095 588 2172 αὐτήν
607 2098 706 2168 habet,
727 2114 783 2169 quo
804 2098 951 2170 pertinere
972 2098 1071 2171 possit,
1094 2098 1137 2156 ita
1157 2103 1190 2155 ut
1212 2114 1284 2156 uon·

172 2191 252 2250 nulla
272 2192 327 2250 hoo
347 2193 411 2251 loco
432 2193 572 2251 excidisse
592 2193 677 2252 valde
697 2194 845 2266 probabile
866 2195 914 2253 sit.

252 2288 331 2348 Satis
353 2292 519 2362 exposuisse
539 2291 721 2350 mihivideor
733 2291 821 2351 Asini
841 2293 1009 2362 sententias,
1031 2309 1103 2365 quae
1123 2291 1285 2351 fabularum

173 2388 209 2445 ab
229 2382 355 2459 Apuleio
382 2388 413 2445 iu
434 2387 579 2460 capitibus
599 2388 790 2446 1117-111
807 2389 842 2447 18
863 2388 1058 2446 exhibitarum
1078 2389 1141 2446 loco
1162 2388 1287 2447 insertae

172 2488 249 2554 sunt,
270 2499 329 2542 nou
349 2485 396 2543 bic
416 2485 478 2543 ibic
498 2485 685 2544 librariorum
697 2486 843 2544 erroribus
865 2486 1038 2558 depravatas
1053 2501 1124 2554 esse,
1145 2485 1196 2543 sed
1210 2486 1287 2543 omui

173 2581 286 2639 omuino
318 2598 388 2640 sano
421 2598 507 2641 seusu
533 2588 670 2655 rectoque
693 2584 793 2642 ordine
814 2589 844 2641 et
864 2599 974 2642 conexu
994 2599 1112 2655 prorsus
1133 2583 1287 2641 destitutas

172 2693 264 2749 nsque
284 2678 363 2737 aliud
385 2695 448 2738 esse
468 2679 524 2737 nisi
546 2680 668 2738 disiecta
688 2680 816 2739 membra
837 2679 964 2738 fabulae.
1006 2679 1115 2751 Quibus
1135 2679 1288 2738 intellectis

172 2774 410 2834 reminiscendum
441 2781 486 2835 est
520 2777 605 2834 buius
630 2777 734 2849 capitis
759 2778 822 2835 loco
852 2774 1012 2848 Apuleium
1038 2776 1173 2835 exhibere
1195 2777 1288 2834 multo

173 2874 342 2946 ampliorem
362 2875 558 2933 narrationem
580 2892 707 2947 eamque,
729 2878 762 2932 ut
782 2875 889 2947 optime
912 2875 1039 2933 ostendit
1060 2873 1286 2945 Goldbacberus‚

174 2977 342 3045 argumento
374 2973 436 3045 ipso
468 2972 505 3031 ad
537 2977 648 3031 rectum
672 2971 787 3032 fabulae
809 2976 975 3031 contextum
996 2969 1179 3030 efficiendum
1199 2971 1289 3029 multo

174 3070 325 3142 aptiorem.
371 3071 452 3144 Quae
485 3087 549 3128 oum
575 3071 618 3129 ita
638 3071 709 3141 siut,
742 3071 790 3127 vix
811 3085 982 3142 quemquam
1003 3073 1072 3140 puto
1094 3067 1289 3126 dubitaturum

174 3182 250 3237 esse,
283 3167 351 3238 quin
381 3172 461 3226 totus
482 3168 530 3226 bic
550 3168 634 3226 Asini
659 3168 738 3226 locus
765 3167 938 3239 exemplaris
959 3165 1075 3239 Graeci,
1099 3165 1176 3238 quod
1196 3165 1287 3222 multo

174 3263 298 3338 amplius
329 3269 359 3323 et
389 3265 551 3323 narrationi
569 3263 753 3337 Apuleianae
786 3264 909 3323 similius
935 3268 1013 3336 erat,
1044 3263 1214 3322 brevissima
1250 3261 1291 3319 sit

174 3361 300 3434 epitome
330 3366 362 3420 et
391 3361 499 3420 fabulis
523 3361 595 3434 illis,
629 3378 700 3434 quas
720 3360 863 3435 Apuleius
888 3361 971 3419 uobis
997 3360 1137 3432 servavit,
1170 3357 1290 3416 resectis

173 3459 285 3530 reliqua
305 3459 559 3532 neglegentissime
580 3460 640 3517 sint
659 3459 866 3518 consarcinata.

254 3556 363 3628 Quibus
382 3557 486 3629 positis
506 3572 564 3615 non
585 3557 677 3616 solum
704 3557 829 3615 omnium
854 3555 981 3615 virorum
1007 3555 1157 3614 doctorum
1179 3554 1291 3612 coniec-

173 3658 265 3726 turae,
287 3670 361 3725 qnae
383 3655 419 3714 de
440 3654 578 3713 hocloco
598 3655 728 3728 prolatae
739 3657 813 3726 suut,
835 3654 922 3712 facile
936 3652 1118 3724 refelluntur,
1133 3650 1184 3722 sed
1199 3651 1288 3709 etiam

174 3767 209 3810 ea
218 3750 332 3810 tollitur
344 3751 470 3823 offensio,
484 3769 570 3824 quam
580 3753 690 3824 primus
703 3752 815 3810 notavit
829 3751 1035 3810 Boissonadius
1050 3749 1101 3824 (ad
1111 3749 1227 3807 NicetI
1239 3746 1289 3822 75)

174 3849 205 3907 in
232 3849 331 3909 verbis
352 3867 376 3909 c.
400 3851 437 3908 12
458 3847 515 3923 ἄγει
536 3871 572 3924 με
593 3850 710 3925 λαβοῦσα
731 3848 798 3926 πρὸς
817 3848 867 3924 τὴν
887 3846 972 3925 θύραν
993 3846 1040 3904 τοῦ
1055 3844 1202 3921 δωματίου,
1225 3842 1291 3902 ἔνθα

247 4036 269 4104 ¹)
288 4035 378 4105 Vulgo
391 4034 566 4092 Diudorfium
578 4033 667 4089 secuti
680 4033 706 4092 tc
720 4033 821 4102 delent,
841 4032 891 4087 sed
904 4033 947 4087 est
957 4031 987 4085 iu
1000 4029 1140 4085 codicibus
1154 4028 1291 4084 omuibus.

1097 4119 1128 4172 3*
