2902 4702
610 352 830 414 ..31-

162 548 353 608 conclusimus
384 564 421 605 ex
450 546 547 605 Photii
579 546 615 604 de
645 547 730 606 Lucii
760 547 909 605 Patrensis
940 547 1014 605 libro
1045 546 1163 604 iudicio.
1204 546 1279 606 Nam

161 647 188 703 si
213 646 311 715 verba,
339 660 413 716 quae
438 644 513 716 apud
534 642 693 716 Apuleium
713 644 822 702 Lucius
856 644 928 702 iacit
961 644 1111 716 incapite
1138 644 1176 701 20
1209 659 1279 716 ,ego

163 759 233 802 vero
264 742 337 800 nihil
360 741 536 814 impossibile
566 742 704 813 arbitror,
739 743 788 800 sed
812 746 965 812 utcumque
995 743 1058 799 fata
1093 740 1280 809 decreverint,

162 840 206 897 ita
237 843 341 897 cuncta
371 837 539 896 mortalibus
565 839 731 910 provenire:
764 856 830 896 nam
852 838 970 896 etmihi
992 843 1022 896 et
1043 838 1096 895 tihi
1117 837 1280 896 etcunctis

163 937 325 995 hominibus
355 937 446 993 multa
476 953 528 994 usu
555 937 653 993 venire
678 937 751 993 mira
772 941 801 994 et
822 952 913 1008 paene
933 935 1054 1008 iniecta,
1088 951 1163 1006 quae
1184 938 1280 992 tamen

165 1036 269 1106 ignaro
290 1034 384 1091 relata
404 1032 487 1091 fidem
509 1034 660 1104 perdant“‚
683 1033 765 1105 apud⁴
779 1032 901 1090 Lucium
915 1032 1085 1090 Patrensem
1106 1048 1219 1103 quoque
1233 1048 1281 1089 ex·

163 1130 258 1190 hibita
285 1130 413 1199 fuerunt,
435 1146 528 1188 nonne
549 1131 608 1188 iam
628 1131 730 1186 mirum
751 1130 824 1186 illud
845 1130 942 1188 Photii
962 1129 1100 1187 iudicium
1122 1126 1280 1193 σπουδάζων

167 1250 197 1285 τε
218 1226 263 1286 ναὶ
284 1225 378 1290 πιστὰς
405 1225 520 1302 νομίζων
551 1229 658 1300 optime
692 1227 866 1298 explicatum
897 1244 958 1286 esse
983 1227 1064 1285 vides
1094 1243 1183 1298 eaque
1208 1241 1282 1296 quae

163 1341 256 1397 supra
278 1325 313 1382 de
335 1341 368 1384 eo
390 1326 507 1398 conieci,
529 1342 647 1397 prorsus
668 1324 803 1383 firmatas>

246 1421 383 1480 Proxima
397 1438 486 1493 usque
506 1423 544 1480 ad
564 1422 670 1495 Apulei
690 1423 758 1480 libri
770 1422 801 1479 II
824 1439 885 1494 cap.
902 1424 946 1490 18,
969 1423 1136 1492 quibuscum
1151 1421 1282 1480 conferas

167 1519 292 1577 Luciani
312 1519 409 1591 capita
424 1519 530 1590 2-11,
552 1519 685 1576 minimas
706 1520 846 1591 praebent
864 1519 1059 1578 difficultates.
1093 1521 1192 1591 Neque
1207 1521 1282 1578 euim

166 1616 259 1673 multa
269 1615 436 1674 discrimina
449 1615 503 1673 hac
517 1620 633 1673 exstant
646 1617 675 1674 in
687 1621 771 1688 parte
781 1608 858 1675 inter'
867 1622 1029 1688 utrumque,
1051 1622 1082 1675 et
1102 1617 1170 1688 quid
1185 1617 1219 1675 de
1241 1618 1283 1675 eir

143 1712 350 1797 ,iudicandum
376 1714 423 1781 sit,
449 1712 587 1772 facillime
611 1715 795 1786 perspicitur.
832 1716 984 1772 Neminem
1010 1716 1088 1773 certe
1108 1719 1178 1788 puto
1200 1714 1284 1772 dubi·

167 1814 295 1868 taturum
310 1825 383 1879 esse,
404 1811 472 1880 quin
492 1816 522 1868 et
540 1805 695 1882 descriptio
715 1811 767 1868 illa
787 1827 873 1882 quam
884 1811 960 1884 apud
974 1811 1128 1883 Apuleium
1142 1811 1281 1867 insertam

166 1901 325 1966 invenimus
361 1906 462 1966 domus
492 1908 679 1979 Byrrhaenae
712 1907 758 1982 (ΙΙ
778 1907 809 1982 4)
842 1912 871 1965 et
897 1907 971 1964 mira
997 1908 1032 1966 de
1053 1906 1152 1978 capilli
1182 1906 1281 1979 gratia

168 2004 325 2077 disputatio
352 2003 396 2078 (ΙΙ
417 2006 444 2073 8,
467 2004 499 2080 9)
525 2005 561 2062 ab
583 2005 645 2077 ipso
666 2005 790 2077 Apuleio
811 2005 942 2062 adiectae
963 2005 1029 2063 sint.
1071 2004 1173 2076 Neque
1194 2004 1282 2061 aliter

165 2101 350 2159 iudicandum
383 2106 427 2160 est
458 2103 493 2159 de
526 2119 572 2175 eo,
607 2102 683 2173 quod
713 2101 791 2174 apud
821 2102 975 2173 Apuleium
1001 2102 1084 2172 112,
1116 2103 1166 2159 ubi
1197 2101 1281 2159 Lucii

165 2198 410 2271 Byrrhaenaeque
442 2215 611 2270 congressus
643 2205 793 2266 narratur,
826 2199 913 2257 etiam
945 2200 1066 2258 maritus
1093 2200 1281 2272 Byrrhaenae

164 2295 349 2354 introductus
371 2300 422 2354 est.
466 2296 540 2354 Nam
560 2297 644 2354 huius
666 2312 819 2369 personam
841 2297 916 2355 sicut
936 2313 1035 2369 copae,
1058 2298 1093 2356 de
1116 2315 1173 2370 qua
1193 2314 1281 2370 supra

167 2393 303 2466 disserui,
336 2394 475 2452 insertam
497 2411 559 2452 esse
581 2395 702 2465 abillo,
730 2394 887 2453 clarissime
908 2395 976 2453 inde
997 2396 1180 2468 perspicitur,
1202 2397 1281 2468 quod

106 2520 109 2526 ·
164 2495 266 2564 postea
286 2508 426 2563 nusquam
441 2498 689 2565 commemoratur,
711 2509 747 2550 ue
761 2493 803 2551 ibi
817 2493 939 2564 quidem,
960 2494 1010 2550 ubi
1024 2494 1187 2552 necessario
1203 2510 1278 2551 com·

163 2591 350 2648 memoranda
371 2595 443 2663 erat,
465 2591 496 2647 in
517 2593 643 2664 cenulae,
666 2592 810 2662 adquam
832 2593 1001 2664 Byrrhaena
1021 2592 1143 2649 Lucium
1164 2591 1280 2660 invitat,

165 2687 360 2759 descriptione
380 2688 427 2764 (Π
451 2689 514 2763 19).
558 2689 633 2749 Nam
664 2707 781 2761 prorsus
809 2691 948 2747 abhorret
974 2689 1137 2746 amoribus
1159 2687 1281 2746 Graecis

162 2801 284 2843 uxorem
305 2786 410 2844 marito
432 2788 551 2848 absente
572 2788 711 2846 eiusmodi
732 2788 820 2860 dapes
841 2787 984 2844 instruere
1006 2787 1043 2844 ad
1064 2801 1169 2857 easque
1188 2784 1281 2856 ipsam

164 2883 243 2940 viros
263 2883 452 2954 mulieresque
472 2900 638 2943 convocare.
671 2885 749 2943 Satis
769 2884 936 2942 dubitanter
946 2883 1086 2941 iudicavit
1099 2881 1282 2940 Goldbache·

163 2996 214 3038 rus
234 2980 270 3038 de
284 2980 410 3054 Pythiae
431 2980 649 3054 historiuncula,
672 2982 699 3057 (I
721 2984 768 3051 24,
787 2981 837 3056 25)
861 2997 934 3053 quae
956 2982 993 3039 ad
1014 2985 1125 3038 certum
1145 2979 1282 3038 iudicium

164 3075 325 3135 faciendum
346 3095 382 3136 ne
403 3079 549 3136 minimum
570 3080 684 3152 quidem
706 3082 861 3152 praeberet
875 3080 1088 3138 adminiculum.
1124 3080 1281 3136 Attamen

164 3174 293 3232 alienam
326 3192 390 3233 eam
421 3193 484 3234 esse
506 3178 542 3234 ab
564 3177 734 3249 exemplari,
767 3177 834 3235 inde
854 3178 1018 3236 luculenter
1038 3162 1175 3249 apparet¹‚¹
1207 3174 1283 3247 quod

163 3270 258 3330 Irucio
279 3273 356 3346 apud
378 3274 521 3346 hospitem
541 3276 742 3349 Hipparchum
764 3277 941 3344 deversanti‚
964 3293 1014 3334 cur
1034 3276 1143 3347 piscem
1164 3278 1281 3340 emeret,

164 3369 247 3428 nulla
269 3387 356 3430 causa
375 3370 440 3431 fuit.

244 3468 329 3526 Haec
360 3469 456 3527 omnia
487 3470 559 3528 satis
584 3469 746 3528 levidensis
772 3475 858 3541 atquc
879 3470 1033 3537 eiusmodi,
1066 3474 1099 3526 ut
1120 3468 1156 3526 do
1177 3468 1213 3525 iis
1233 3469 1283 3525 vix

161 3563 309 3623 dubitatio
329 3567 422 3638 possit
443 3568 579 3635 existere3
611 3568 728 3640 gravius
749 3574 852 3625 contra
871 3568 944 3626 illud
965 3569 1087 3638 videtur,
1108 3566 1184 3638 quod
1205 3564 1283 3638 apud

165 3661 338 3737 Lucianum,
361 3664 478 3722 etiamsi
497 3665 682 3737 Hipparchus
702 3666 731 3721 in
754 3682 817 3737 cap.
844 3669 856 3722 l
881 3671 912 3723 et
931 3666 951 3722 4
971 3663 1133 3742 φιλάργυρος
1153 3662 1282 3721 nomine-

107 3826 111 3835 ·
164 3764 227 3830 tur,
258 3764 356 3819 tamen
387 3761 512 3819 avaritia
543 3763 604 3820 eius
635 3778 773 3833 nusquam
800 3762 916 3836 depicta
936 3767 994 3832 est,
1013 3777 1111 3832 quam
1132 3760 1281 3833 Apuleius,

165 3872 255 3928 usque
286 3857 324 3915 ad
354 3858 482 3916 taedium
512 3859 619 3918 iterum
643 3859 805 3931 iterumque
830 3860 970 3918 describit
990 3863 1023 3917 ut
1044 3875 1106 3931 cap.
1127 3860 1142 3916 Ι
1163 3860 1211 3927 24,
1234 3859 1281 3916 26.

164 3952 198 4012 II
214 3955 260 4013 11.
292 3955 417 4014 Videtur
430 3956 497 4014 inde
511 3956 604 4029 primo
619 3961 738 4030 aspectu
752 3956 975 4016 concludendum
989 3972 1061 4023 esse,
1083 3956 1171 4014 etiam
1184 3955 1215 4012 in
1228 3955 1283 4012 hac

169 4066 203 4108 re
218 4052 412 4125 excerptionis
425 4053 547 4127 vestigia
560 4054 591 4112 in
601 4055 689 4112 Asino
703 4053 785 4113 nobis
801 4054 956 4126 obversari,
971 4052 1150 4125 Luciumque
1161 4052 1284 4112 Patren-
