2902 4702
618 356 839 418 ...29-

169 548 327 623 glutinatos
352 564 423 608 esse.
464 546 550 606 Unde
575 548 645 607 satis
669 545 792 634 tidenter
811 548 950 620 conicias,
984 549 1057 606 banc
1081 548 1197 606 aliunde
1222 565 1287 608 esse

170 651 355 719 assumptam,
376 646 444 704 illos
458 645 494 704 1111
507 645 601 718 ipsum
614 644 724 704 fontem
737 646 904 719 primarium
925 646 1028 718 redire,
1050 647 1079 703 in
1093 662 1149 718 quo
1170 646 1285 717 quidem

168 748 235 818 post
260 744 327 802 illos
357 742 433 802 aliae
454 742 595 814 quaedam
626 743 661 800 de
687 743 773 801 rebus
792 743 918 815 ,magicis
944 726 1043 815 paullo
1070 748 1137 801 ante
1157 743 1286 816 Hypatis

169 841 256 901 iactis
279 841 462 899 narrationes
488 841 642 899 adiunctae
666 838 837 898 1111111111
862 839 1127 913 1111111111111111,
1161 843 1286 911 quaein

169 939 266 1013 capite
286 954 362 997 nono
384 936 529 1010 Apuleius
550 936 636 996 affert
656 938 692 996 de
711 938 829 997 Maroae
850 938 964 1010 magica
984 940 1124 1012 potentia.

249 1036 332 1095 Idem
347 1040 444 1093 autern
459 1035 494 1093 de
509 1035 598 1093 fontis
613 1036 780 1094 narratione
794 1053 830 1094 ex
845 1037 940 1094 altera
960 1052 1071 1107 quoque
1086 1040 1169 1108 parte
1185 1036 1284 1108 colligi

167 1137 265 1209 potest
286 1133 425 1204 ‚Luciani‘
451 1132 548 1206 capite
568 1133 661 1206 primo
682 1133 856 1192 examinato.
895 1133 1069 1191 Rectissime
1091 1133 1167 1190 11111
1187 1137 1284 1191 monet

169 1232 386 1293 Goldbacberus
405 1230 448 1289 ibi
468 1247 580 1303 quoque
600 1247 704 1305 magna
729 1230 863 1289 molestia
888 1230 954 1288 illos
980 1231 1117 1288 comitum
1138 1246 1286 1289 sermones

169 1329 339 1400 desiderari,
361 1328 464 1401 quibus
483 1328 632 1402 aptissime
653 1328 692 1399 11,
724 1329 775 1399 qui
794 1330 908 1400 legant,
935 1334 1147 1400 praeparentur
1173 1328 1210 1386 ad
1239 1345 1281 1400 ea,

168 1442 244 1499 qnae
267 1432 368 1500 postea
392 1427 501 1485 Lucina
531 1432 633 1485 narret
658 1427 694 1484 de
719 1443 771 1485 sua
800 1427 890 1499 ipsius
921 1425 1184 1484 transformatione.
1228 1426 1284 1485 Sed

168 1524 396 1597 multo-gravius
416 1524 489 1582 illud
514 1524 644 1594 videtur,
677 1524 761 1595 quod,
793 1524 849 1581 nisi
869 1524 920 1581 illa
940 1508 1100 1595 praemissa
1126 1527 1201 1592 sunt,
1227 1539 1284 1581 non

169 1620 368 1693 cognoscitur,
399 1620 473 1678 unde
494 1621 597 1678 mirum
619 1620 703 1678 Lucii
723 1621 852 1692 portenti
873 1620 995 1679 alicuius
1014 1620 1142 1694 Hypatis
1171 1620 1286 1679 visendi

168 1718 295 1778 studium
319 1724 414 1777 ortum
429 1718 475 1776 sit.
517 1718 619 1789 Neque
638 1718 791 1790 quidquam
807 1722 909 1776 contra
923 1717 1045 1790 protulit
1061 1717 1204 1775 Knautius
1220 1733 1284 1773 cum

167 1815 332 1875 haecdicit.
374 1814 451 1889 „Sed
466 1830 636 1886 quamquam
651 1815 794 1874 viatorum
805 1815 982 1873 sermonibus
993 1820 1059 1886 apte
1071 1830 1134 1871 earn
1145 1815 1284 1871 insertam

169 1928 234 1972 esse
260 1918 290 1970 et
317 1913 363 1972 bis
385 1913 581 1985 similibusque
605 1912 817 1971 narrationibus
837 1913 923 1970 Lucii
948 1913 1071 1970 animum
1092 1912 1130 1969 ad
1154 1910 1284 1984 portenti

169 2010 291 2069 alicuius
303 2011 416 2070 visendi
437 2011 624 2082 cupiditatem
645 2010 732 2068 facile
752 2010 866 2068 incitari
887 2026 971 2082 posse
992 2009 1203 2079 confitebimur,
1227 2025 1283 2080 qua

167 2105 362 2166 inflammatus
386 2123 404 2165 a
424 2107 554 2166 Lucieno
579 2108 781 2171 introducitur.
806 2110 903 2164 tamen
924 2123 959 2164 ex
979 2107 1026 2164 bis
1044 2107 1177 2180 intellegi
1197 2123 1283 2178 posse

168 2204 339 2289 negabimus
350 2205 508 2264 Lucianum
519 2206 645 2264 auctoris
655 2206 734 2263 illius
747 2204 896 2263 Patrensis
906 2206 996 2264 libros
1007 2207 1185 2278 epitomasse.
1207 2205 1283 2265 Nam

168 2303 279 2375 siquis
302 2303 450 2375 putaverit
474 2318 592 2361 1111111
611 2301 700 2361 111111
720 2303 833 2362 fabulas
857 2304 1041 2376 prodigiosas
1066 2305 1223 2376 interponi,
1250 2308 1283 2360 ut

61 2408 69 2417 ‘
167 2400 244 2460 unde
254 2404 334 2458 mota
343 2403 382 2459 sit
391 2402 466 2458 mira
476 2401 587 2459 iuvenis
598 2401 748 2474 cupiditas,
755 2402 895 2460 certiores
905 2401 1046 2468 fieremus,
1058 2419 1110 2474 ego
1118 2403 1205 2460 talem
1217 2419 1283 2460 cau·

166 2514 229 2557 sam
239 2498 349 2557 adferri
360 2515 431 2570 opus
441 2514 498 2555 non
508 2498 598 2556 fuisse
604 2499 734 2569 dixerim,
746 2515 809 2557 cum
821 2500 987 2557 Thessaliae
999 2500 1134 2557 mulieres
1145 2501 1203 2557 iam
1214 2505 1282 2558 ante

166 2595 291 2655 Luciani
300 2600 426 2655 aetatem
437 2598 549 2653 tantam
561 2597 632 2654 artis
643 2597 772 2668 magicae
783 2597 890 2655 famam
901 2597 1024 2669 adeptae
1035 2602 1137 2666 essent,
1150 2601 1182 2653 nt
1192 2597 1282 2654 horni-

166 2708 220 2751 1111
229 2693 260 2751 in
272 2694 348 2753 hanc
358 2699 467 2751 terram
478 2691 693 2765 proficiscentes
705 2695 764 2753 1111
778 2695 875 2767 ignari
887 2710 948 2752 esse
960 2710 1018 2751 non
1031 2696 1179 2766 possent.“
1203 2694 1283 2751 Haec

167 2792 264 2850 omnia
283 2792 314 2849 in
334 2792 498 2850 universum
518 2797 598 2850 recte
624 2792 796 2865 disputavit,
829 2792 924 2850 omisit
944 2798 1042 2850 tamen
1063 2792 1094 2849 id
1114 2790 1190 2862 quod
1211 2807 1281 2862 gra-

166 2888 313 2948 vissimum
334 2894 388 2954 est,
409 2904 527 2947 curnam
540 2888 668 2962 Hypatis
681 2890 860 2961 potissimum
874 2905 905 2946 se
920 2889 1028 2960 aliquid
1041 2888 1149 2960 magici
1168 2892 1281 2961 specta·

166 2971 266 3045 turum
285 3002 348 3045 esse
367 2985 476 3047 Lucius
496 2986 657 3059 speraverit
682 2986 817 3059 ideoque,
850 3002 1020 3058 quamquam
1041 2987 1117 3059 apud
1137 2986 1282 3059 hospitem

166 3098 287 3142 avarum
307 3084 336 3142 ei
355 3083 566 3143 deversandum
587 3088 662 3154 erat,
685 3089 782 3147 tamen
803 3084 903 3142 statim
927 3067 987 3142 tres
1009 3086 1054 3143 vel
1076 3085 1198 3156 quinque
1220 3085 1282 3142 dies

164 3180 243 3239 banc
257 3181 352 3241 ‚solam
373 3181 409 3239 cb
431 3197 546 3240 causam
566 3182 607 3238 ibi
628 3198 777 3240 remanere
797 3183 943 3240 statuerit.
985 3182 1062 3242 Nam
1083 3188 1186 3255 aperte
1208 3183 1282 3240 baec

165 3278 249 3337 11111111
267 3284 333 3337 sunt
363 3280 394 3337 in
415 3279 519 3350 capitis
539 3280 558 3336 4
578 3279 661 3338 initio
683 3277 838 3354 ἐπεθύμουν
860 3279 889 3336 δὲ
915 3278 1018 3356 σφόδρα
1044 3278 1137 3355 μείνας
1163 3278 1280 3337 ἐνταῦθα

165 3374 284 3455 ἐξευρεῖν
323 3397 381 3434 τινα
416 3378 471 3434 τῶν
510 3374 635 3450 μαγεύειν
672 3375 855 3451 ἐπισταμένων
885 3379 1018 3450 γυναικῶν
1054 3376 1099 3435 καὶ
1129 3375 1283 3435 θεάσασθαί

163 3461 191 3531 ur
214 3470 367 3550 παράδοξον
397 3472 416 3551 ἢ
446 3473 596 3548 πετόμενον
627 3472 772 3552 ἄνθρωπον
802 3473 820 3551 ἢ
852 3473 1022 3549 λιθούμενον.
1064 3475 1140 3535 Nam
1166 3475 1191 3532 si
1217 3475 1281 3532 sola

164 3574 237 3629 nota
265 3570 499 3631 'Pbessalioarum
531 3574 683 3631 mulierum
710 3573 787 3631 fama
822 3573 906 3631 Lucii
939 3573 997 3631 ista
1036 3572 1179 3644 cupiditas
1214 3576 1279 3628 orta

165 3672 259 3739 esset,
290 3685 408 3728 curnam
428 3669 642 3744 Hypatiseam
664 3672 835 3728 1111111111
859 3670 998 3728 remansit
1023 3684 1115 3740 neque
1142 3666 1280 3726 Larissae

165 3782 292 3841 quoque,
325 3783 380 3838 quo
404 3773 506 3840 postea
530 3768 558 3825 ei
581 3768 816 3841 proficiscendum
840 3772 904 3826 erat
924 3768 1000 3842 (cap.
1030 3765 1089 3840 ll),
1121 3765 1180 3823 tale
1213 3764 1280 3836 quid

163 3864 221 3923 sibi
246 3880 431 3923 occursurum
451 3881 513 3924 esse
535 3863 731 3939 exspectavit?
771 3866 873 3937 Neque
900 3865 975 3922 enim
1000 3878 1054 3935 per
1080 3879 1111 3920 se
1142 3862 1281 3922 credibile

164 3965 224 4034 est,
253 3962 389 4022 mulieres
413 3961 596 4022 Larissenses
629 3963 693 4022 aliis
729 3962 902 4023 Thessalicis
933 3959 1100 4019 mulieribus
1130 3961 1160 4018 in
1187 3960 1281 4031 iisque
