2902 4702
611 384 655 391 --
701 350 833 414 35..

164 540 265 600 111111
295 539 331 598 Id
352 541 412 598 sine
435 539 521 598 dubio
544 547 752 614 exspectamus,
775 543 849 613 quod
869 547 937 600 ente
953 542 1061 601 dictum
1075 548 1192 602 osteum
1208 544 1281 603 obli-

164 643 225 696 tum
246 653 308 696 esse
329 638 442 696 scilicet
456 637 512 696 iter
524 637 703 697 Larissense.
739 637 797 696 Sed
811 640 897 710 plene
911 639 991 697 fallit
1004 655 1056 698 nos
1070 640 1143 699 heec
1158 656 1280 714 exspec-

163 736 254 804 tatio,
287 750 350 793 oum
380 735 411 791 iu
432 735 544 793 Graeco
575 740 657 793 textu
689 736 756 794 huic
786 736 879 808 priori
908 737 1069 796 sententiae
1100 739 1180 811 perti
1209 740 1282 797 haec

163 831 295 891 subiecta
324 831 383 889 sint
408 830 437 895 ἐς
460 831 491 889 τὸ
517 832 614 908 μαθεῖν
636 832 674 890 ὧν
695 832 776 892 ἕνεκα
796 831 914 909 villicus,
946 833 994 893 καί
1012 857 1082 912 φημι
1101 835 1169 912 πρὸς
1189 834 1280 912 αὐτήν.

164 928 254 989 Vides
274 929 375 1000 igitur,
397 944 482 1000 quam
502 930 673 1002 perturbata
692 931 739 988 hic
760 930 817 988 sint
838 932 947 988 omnia:
970 948 1004 991 eo
1026 933 1098 999 loco,
1120 934 1169 990 ubi
1189 933 1280 1004 megi·

165 1042 216 1084 cae
241 1025 364 1084 alicuius
383 1027 428 1084 rei
448 1027 590 1085 videndae
610 1028 759 1086 consilium
781 1044 816 1084 ex
838 1032 974 1086 contextu
995 1026 1088 1087 elucet
1109 1046 1280 1088 commemo·

163 1122 284 1181 randum
305 1121 402 1190 luisse,
423 1122 482 1181 iter
501 1124 673 1183 Larissense
693 1124 821 1193 affertur,
843 1126 951 1184 inillis
972 1130 1081 1195 contra,
1103 1142 1176 1197 quee
1191 1127 1228 1184 ad
1250 1125 1280 1184 id

164 1218 256 1277 solum
287 1220 345 1279 iter
374 1222 481 1280 referri
511 1238 594 1296 posse
624 1223 773 1292 videntur,
799 1238 916 1295 prorsus
942 1222 977 1281 de
998 1223 1153 1295 improviso
1173 1223 1280 1281 montio

165 1332 264 1375 rerum
284 1319 459 1391 magicarum
484 1319 611 1377 inicitur.
654 1321 717 1377 Iam
742 1320 899 1392 considera,
920 1335 978 1390 qua
998 1320 1110 1378 ratione
1130 1320 1186 1377 hae
1208 1320 1281 1379 duae

165 1414 298 1473 diversae
324 1420 422 1488 partes
443 1416 502 1473 siut
523 1417 692 1489 colligatae,
723 1433 798 1488 quae
818 1433 905 1490 porro
927 1417 967 1475 sit
987 1422 1135 1475 structura
1156 1416 1199 1474 ἐπὶ
1220 1420 1281 1475 νοῦν

165 1532 213 1585 μοι
233 1509 318 1587 ἦλθεν
339 1510 373 1575 ἐς
392 1512 424 1570 τὸ
445 1511 595 1589 μαθεῖνψ)
630 1514 729 1572 Facile
750 1515 875 1572 conicias
896 1513 951 1571 duo
972 1514 1046 1572 heco
1070 1515 1141 1586 cola,
1163 1520 1283 1585 quaest

165 1608 252 1666 sensu
281 1607 320 1665 ad
349 1624 396 1667 res
422 1609 632 1669 diversissimas
652 1610 799 1683 pertinere
820 1611 986 1683 videantur,
1020 1627 1112 1682 neque
1133 1617 1281 1670 structura

165 1708 233 1777 apte
262 1697 340 1763 inter
370 1721 402 1763 se
433 1721 542 1764 conexa
568 1708 638 1773 sint,
670 1708 700 1764 in
726 1708 885 1780 exemplari
911 1709 1026 1766 omnino
1049 1708 1203 1766 coniuncta
1223 1725 1280 1766 non

165 1800 265 1869 fuisse,
286 1800 338 1860 sed
359 1801 396 1860 ab
417 1806 587 1875 excerptore
609 1803 730 1863 diversis
752 1821 787 1862 ex
807 1804 937 1876 partibus
958 1805 1087 1876 repetita
1100 1804 1280 1876 ineptissime

164 1899 197 1956 in
216 1898 301 1956 unius
322 1899 465 1957 enuntiati
484 1898 606 1959 formem
627 1901 747 1960 confusa
761 1918 832 1959 esse.
865 1902 946 1972 Quod
960 1902 1079 1974 egregie
1094 1901 1281 1959 confirmatur

166 1995 257 2055 etiam
289 1996 387 2054 verbis
407 1996 465 2054 illis
487 1997 534 2056 καί
553 2020 622 2075 φημι
642 1998 710 2075 πρὸς
730 1997 846 2075 odedu
879 2015 971 2069 neque
992 1999 1066 2057 enim
1087 2003 1119 2056 ut
1139 2016 1215 2056 nunc
1236 2003 1282 2057 est

167 2093 325 2165 sententia,
352 2094 481 2152 vexilla
502 2093 584 2171 αὐτήν
604 2097 702 2165 habet,
723 2112 779 2167 quo
800 2095 947 2168 pertinere
967 2096 1068 2169 possit,
1090 2096 1133 2153 ita
1153 2102 1187 2153 ut
1208 2113 1280 2154 non·

167 2190 408 2249 monoclero
428 2191 569 2250 excidisse
588 2192 673 2250 valde
693 2192 842 2265 probabile
862 2192 910 2251 sit.

249 2286 328 2347 Satis
350 2290 515 2361 exposuisse
536 2289 718 2348 mihividcor
730 2289 817 2349 Asini
838 2291 1006 2360 sententias,
1028 2306 1100 2362 quae
1119 2290 1282 2349 fabularum

168 2387 206 2444 ab
226 2382 352 2457 Apuleio
379 2386 410 2444 in
430 2385 575 2458 capitibus
596 2386 627 2444 Π
643 2387 678 2443 17
693 2419 728 2427 -
740 2386 787 2444 ΙΙΙ
803 2387 839 2444 18
860 2385 1054 2444 exhibitarum
1075 2387 1137 2443 loco
1158 2385 1283 2444 insertae

167 2486 246 2553 suut,
267 2498 326 2541 non
345 2483 393 2542 hic
413 2483 474 2541 illio
494 2483 682 2541 librariorum
693 2484 840 2541 erroribus
861 2484 1035 2555 depravatus
1049 2499 1120 2550 esse,
1142 2482 1192 2540 sed
1207 2483 1284 2540 omni

168 2581 283 2639 omnino
315 2597 385 2639 seno
418 2597 504 2640 sensu
529 2585 667 2653 rectoque
690 2582 790 2640 ordine
811 2586 840 2639 et
861 2597 970 2639 conexu
991 2596 1109 2653 prorsus
1129 2580 1283 2638 destitutas

167 2692 261 2749 neque
281 2678 360 2736 aliud
381 2693 444 2736 esse
465 2677 521 2735 nisi
542 2677 665 2736 disiecta
684 2677 813 2736 membra
834 2676 960 2735 fabulae.
1002 2675 1111 2748 Quibus
1131 2676 1285 2734 intellectis

167 2773 406 2833 reminiscendum
438 2780 483 2833 est
518 2775 601 2832 huius
626 2774 731 2847 capitis
756 2776 819 2833 loco
849 2771 1008 2846 Apuleium
1034 2771 1170 2831 exhibere
1191 2773 1284 2830 multo

168 2873 338 2946 ampliorem
359 2873 555 2932 narrationem
577 2889 704 2944 eamque,
727 2878 759 2930 ut
779 2873 886 2944 optime
908 2872 1035 2930 ostendit
1056 2869 1283 2943 Goldbecherus‚

169 2976 339 3044 argumento
370 2970 433 3045 ipso
465 2970 503 3028 ad
533 2976 645 3029 rectum
670 2969 784 3029 fabulae
806 2973 971 3028 contextum
993 2967 1175 3027 efficiendum
1196 2968 1286 3026 multo

168 3068 322 3142 aptiorem.
367 3069 449 3143 Quae
482 3084 546 3127 oum
572 3069 615 3126 ita
635 3069 706 3138 sint,
739 3069 787 3125 vix
809 3082 978 3139 quemquem
999 3069 1069 3139 puto
1090 3065 1286 3124 dubitaturum

169 3182 247 3237 esse,
278 3166 347 3239 quin
378 3171 458 3224 totus
479 3166 527 3223 hic
548 3165 632 3224 Asini
656 3166 735 3223 locus
763 3164 935 3237 exemplaris
956 3162 1073 3235 Graeci,
1097 3163 1172 3234 quod
1193 3163 1284 3220 multo

168 3264 294 3337 amplius
325 3269 356 3322 et
386 3264 547 3322 narrationi
567 3261 750 3335 Apuleiauae
783 3262 906 3321 similius
932 3266 1010 3334 erat,
1042 3260 1210 3319 brevissima
1248 3258 1288 3317 sit

169 3361 297 3433 epitome
328 3365 359 3419 et
388 3360 496 3419 fabulis
520 3359 592 3432 illis,
626 3377 697 3432 quaa
717 3357 861 3433 Apuleius
885 3358 968 3417 nobis
995 3358 1134 3429 servarit,
1167 3355 1287 3414 resectis

168 3458 283 3531 relique
301 3457 556 3531 neglegentissime
578 3458 637 3516 sint
656 3457 864 3516 consarcinata.

251 3556 360 3628 Quibus
380 3556 483 3629 positis
503 3571 562 3613 non
583 3555 674 3614 solum
701 3555 827 3612 omnium
851 3553 978 3612 virorum
1005 3553 1156 3611 doctorum
1175 3551 1287 3609 coniec-

168 3658 263 3726 turae,
285 3669 359 3725 quae
381 3654 416 3713 de
437 3653 575 3712 hocloco
595 3653 726 3725 prolatae
737 3655 811 3723 sunt,
833 3651 920 3710 facile
934 3649 1116 3721 refelluntur,
1130 3647 1181 3707 sed
1196 3647 1286 3705 etiam

169 3766 208 3811 ee
216 3750 330 3809 tollitur
340 3751 467 3822 offensio,
481 3767 567 3822 quam
578 3751 687 3823 primus
701 3750 813 3807 notavit
827 3747 1033 3807 Boissonedius
1048 3743 1287 3820 (edNicet.175)

168 3850 203 3909 ln
229 3848 328 3908 verbis
349 3866 373 3908 c.
397 3850 434 3908 12
456 3846 513 3923 ἄγει
534 3869 569 3923 με
590 3849 708 3924 λαβοῦσα
728 3847 795 3923 πρὸς
815 3846 864 3921 τὴν
885 3843 969 3922 θύραν
990 3843 1038 3901 τοῦ
1053 3840 1199 3917 δωματίου,
1222 3839 1289 3898 ἔνθα

244 4036 267 4104 ¹)
285 4034 376 4105 Vulgo
388 4034 563 4091 Dindorfium
575 4032 665 4088 secuti
678 4031 704 4090 ds
718 4031 820 4098 delent,
839 4029 889 4084 sed
902 4032 944 4084 est
955 4028 984 4082 iu
998 4026 1138 4082 codicibus
1152 4024 1289 4080 omnibus.

1095 4116 1126 4169 3*
