2902 4702
613 361 826 424 ..40-

166 550 290 611 voluisse
311 553 475 624 depascere,
498 553 548 611 sed
569 570 605 611 ea
626 554 800 626 cogitatione
821 553 887 611 inde
909 553 1080 612 deterritum
1096 570 1166 625 esse,
1188 568 1232 624 ne,
1256 555 1283 612 si

166 650 224 707 iem
244 650 274 707 in
284 649 407 708 Lucium
428 655 598 722 mutaretur,
621 666 639 708 a
658 651 820 713 latronibus
841 650 958 708 evidens
979 650 1098 708 exitium
1119 654 1281 722 pateretur.

168 745 294 817 Quorum
325 747 389 804 loco
421 745 586 817 ,Lucienus‘
611 747 682 804 haec
702 747 817 804 exhibet
838 746 875 815 (c.
901 745 951 819 12)
972 761 995 803 c.
1018 743 1061 801 ἐπὶ
1081 743 1170 820 τούτῳ
1191 743 1283 822 ἡμέρα

167 863 197 898 τε
228 840 281 917 ἤδη
313 839 346 917 ἦν
367 840 412 899 καὶ
432 843 512 918 ἡμεῖς
532 840 583 918 ὄρη
604 841 693 899 πολλὰ
714 840 921 917 ἀνεβεβήκειμεν
943 839 989 899 καὶ
1010 839 1130 914 στόματα
1152 841 1181 898 δὲ
1201 842 1282 917 ἡμῶν

168 940 262 1014 δεσμῷ
283 937 417 1016 ἐπείχετο,
439 938 478 1000 ὡς
498 937 537 1012 μὴ
558 937 781 1014 περιβοσκόμενοι
800 937 850 1012 τὴν
871 937 933 994 ὁδὸν
955 935 983 999 ἐς
1003 936 1034 993 τὸ
1049 933 1155 1013 ἄριστον
1172 936 1252 995 dvali
1266 970 1283 980 -

167 1051 270 1109 κοιμεν·
299 1035 369 1093 ὥστε
385 1034 413 1098 ἐς
426 1035 475 1110 τὴν
490 1034 552 1092 τότε
567 1034 612 1093 καὶ
626 1036 719 1109 ἔμεινα
733 1032 805 1097 ὄνος.
838 1033 982 1093 Cohaeret
995 1034 1138 1106 sententia
1152 1039 1283 1093 extreme

169 1131 240 1190 ὥστε
261 1132 289 1196 ἐς
310 1132 359 1208 τὴν
379 1132 441 1189 τότε
462 1131 508 1191 καὶ
521 1133 614 1205 ἔμεινα
628 1129 690 1194 ὄνος
704 1132 848 1189 artissime
863 1147 926 1188 cum
939 1130 1193 1202 praecedentibus3
1216 1148 1283 1190 nam
1358 1170 1361 1175 -

167 1244 201 1287 ca
221 1245 253 1286 re
274 1231 334 1287 sine
355 1230 450 1302 dubio,
472 1231 547 1301 quod
568 1248 600 1289 os
622 1232 684 1288 eius
699 1232 823 1303 capistro
837 1230 998 1289 revinctum
1012 1234 1086 1299 erat,
1108 1230 1280 1302 impeditum

167 1329 223 1395 est,
249 1343 286 1384 ne
311 1343 409 1384 rursus
430 1327 624 1385 inhominem
645 1329 911 1385 transformaretur.
953 1325 1066 1385 Verum
1086 1342 1143 1385 non
1164 1327 1282 1386 intelle·

168 1424 255 1496 gitur,
278 1424 420 1494 quomodo
431 1424 601 1483 reformatio
622 1425 673 1482 ille
693 1424 757 1483 fieri
770 1424 899 1496 potuerit
919 1423 965 1482 vel
981 1439 1032 1481 ore
1046 1424 1147 1482 libero.
1181 1424 1279 1495 Quare

165 1520 220 1578 hoo
241 1535 352 1591 quoque
373 1521 437 1579 loco
458 1521 562 1579 lacuna
582 1521 736 1580 statuenda
757 1526 810 1592 est,
832 1537 917 1592 quam
932 1526 962 1578 et
975 1520 1069 1592 ipsam
1089 1520 1281 1592 probabiliter

167 1616 331 1689 excerptori
353 1617 514 1675 attribuere
534 1617 703 1689 poterimus.
731 1617 820 1675 Patet
834 1622 930 1675 autem
945 1623 1065 1690 propter
1078 1618 1167 1674 verba
1188 1616 1216 1680 ἐς
1230 1617 1279 1693 τὴν

167 1712 230 1770 τότε
243 1729 306 1771 eam
320 1713 363 1772 sic
374 1713 546 1786 explendam
557 1731 627 1786 esse,
650 1719 683 1772 ut
702 1715 846 1773 sententia
866 1714 981 1772 irrealis
1003 1715 1112 1772 existat
1125 1713 1193 1771 talis
1207 1714 1279 1786 fere,

166 1811 280 1884 qualem
300 1809 386 1868 finxit
395 1810 587 1881 Wielandius‚
610 1829 674 1870 cum
694 1812 928 1870 sichunclocum
941 1811 1042 1869 vertit:
1067 1809 1189 1879 „Dabar
1203 1814 1283 1869 cedre

165 1906 211 1965 a'cb
230 1908 283 1980 frtr
303 1907 417 1966 domate
437 1908 510 1967 Escl
529 1908 677 1982 qeblc'ebea
700 1907 771 1966 acob
791 1925 872 1966 werra
897 1924 928 1965 es
947 1905 1046 1965 Rosea
1066 1924 1132 1966 vom
1152 1907 1282 1967 Hc'mmel

168 2011 300 2078 perepaet
317 2005 422 2064 bdite.“
457 2008 498 2064 At
518 2008 569 2074 eis,
591 2010 827 2079 quaepraeterea
847 2003 990 2076 Apuleius
1003 2003 1121 2061 exhibet
1141 2020 1282 2075 nusquam

165 2102 246 2161 locus
266 2104 385 2162 relictus
406 2110 462 2174 est;
484 2105 570 2163 immo
592 2105 667 2162 sicut
687 2104 718 2161 in
738 2103 834 2176 eapite
858 2103 893 2158 15
915 2102 952 2159 ab
973 2100 1035 2174 ipso
1058 2101 1119 2162 sine
1141 2100 1226 2158 dubio
1243 2102 1281 2158 ad

166 2198 275 2258 iontem
297 2202 412 2260 adiecta
432 2207 506 2260 sunt.

244 2298 308 2357 Iam
334 2318 370 2358 ex
396 2301 452 2369 cis,
484 2319 557 2375 quea
583 2305 660 2377 apud
679 2305 807 2362 latrones
828 2304 909 2362 asino
931 2304 1111 2373 acciderunt,
1143 2301 1281 2376 pleraque

166 2411 253 2468 supra
274 2401 453 2469 pertractata
474 2405 549 2460 sunt.
591 2399 650 2459 Sed
669 2406 781 2460 restant
801 2401 836 2459 de
858 2401 959 2473 quibus
989 2401 1151 2472 disputetur
1170 2401 1283 2460 leviora

165 2493 306 2564 quaedam
327 2495 500 2570 discrimina,
522 2503 555 2556 ut
575 2500 652 2557 omni
672 2515 709 2557 ex
728 2504 812 2572 parte
834 2499 990 2571 disputatio
1005 2496 1138 2556 absolute
1151 2498 1197 2555 sit.
1230 2497 1279 2556 Ac

165 2591 290 2662 primum
319 2593 434 2664 quidem
459 2599 538 2654 recte
559 2596 693 2670 exposuit
713 2595 932 2655 Goldbeohcrus
950 2595 1029 2653 nullo
1051 2594 1136 2653 modo
1158 2595 1281 2668 cogitari

164 2704 249 2759 posse
270 2690 396 2763 amplam
418 2692 537 2750 duorum
557 2693 697 2752 librorum
711 2693 842 2765 Psychae
863 2693 991 2752 fabulam
1009 2708 1027 2749 a
1044 2691 1135 2750 Lucio
1146 2691 1282 2750 Patrensi

167 2786 326 2845 exhibitam
358 2789 546 2862 a,Luciano‘
579 2791 693 2849 demum
723 2798 864 2849 resectam
890 2807 963 2849 esse.
1004 2789 1105 2860 Neque
1127 2790 1202 2847 enim
1220 2789 1280 2847 ulle

163 2883 278 2941 ratione
308 2900 372 2942 cum
403 2887 467 2958 ipsa
487 2887 572 2945 Lucii
602 2886 701 2947 fabula
727 2888 875 2959 cohaeret,
908 2887 959 2946 scd
979 2895 1080 2944 contra
1100 2884 1277 2944 narrationis

164 2984 330 3037 contextum
352 2983 423 3039 satis
444 2984 622 3042 incommode
642 2985 833 3056 interrumpit.
865 2983 942 3044 Nam
958 2984 1048 3041 solam
1062 2987 1184 3054 propter
1198 2981 1278 3038 iilam

163 3074 302 3134 insertam
323 3077 399 3149 quod
419 3079 583 3149 ‚Lucienus‘
605 3081 690 3138 effert
711 3080 746 3139 de
767 3096 843 3139 nova
863 3081 1007 3138 latronum
1028 3079 1198 3138 excursione
1211 3083 1277 3151 post

163 3172 290 3242 puellam
321 3178 434 3245 captam
454 3181 569 3248 postero
595 3176 641 3234 die
661 3193 744 3235 mane
764 3175 842 3234 iacta
872 3177 917 3251 (in
937 3192 999 3248 cap.
1023 3177 1061 3234 22
1087 3175 1155 3251 πρὸς
1174 3173 1279 3251 ἡμέραν

164 3267 194 3323 δὲ
214 3271 268 3324 τῶν
291 3272 400 3327 σκοπῶν
414 3292 452 3332 τις
472 3275 526 3327 τῶν
547 3271 595 3336 τὰς
613 3271 692 3336 ὁδοὺς
712 3276 837 3350 φρουρεῖν
853 3271 1004 3350 εἰληχότων
1018 3274 1127 3350 ἔρχεται
1141 3271 1279 3345 ἀγγέλλων

164 3362 256 3439 κτλ.“)
283 3366 359 3438 apud
379 3365 536 3439 Apuleium
557 3369 693 3428 omissum
714 3375 744 3427 et
765 3370 842 3428 solus
863 3385 959 3428 corum
983 3369 1094 3427 reditus
1117 3368 1278 3439 descriptus

164 3462 367 3539 est(V125).

240 3561 344 3633 Neque
375 3563 462 3621 aliter
491 3562 674 3620 iudicandum
700 3569 744 3622 est
764 3563 800 3622 de
821 3564 914 3622 trihus
934 3563 993 3622 illis
1014 3563 1143 3634 fabellis,
1174 3563 1278 3635 quibus

162 3657 307 3732 Apuleius
337 3659 480 3718 secundae
510 3661 655 3718 latronum
685 3675 786 3718 manus
817 3660 936 3733 exponit
966 3660 1156 3719 calamitates.
1201 3660 1276 3718 Nem

164 3755 278 3813 etiamsi
300 3756 509 3815 concedendum
535 3761 579 3815 est
605 3758 650 3815 his
670 3757 785 3816 reiectis
807 3757 886 3815 iham
907 3757 1090 3815 statuendum
1111 3773 1174 3816 esse
1195 3773 1274 3816 mero

164 3852 316 3924 scriptoris
337 3853 457 3911 arbitrio
479 3852 673 3911 introductam
692 3870 764 3923 esse,
785 3853 901 3912 minime
914 3859 1012 3912 tamen
1025 3833 1092 3913 inde
1106 3854 1277 3912 concludere

163 3950 262 4008 debuit
277 3950 498 4036 ¹Goldhacherus
519 3968 569 4009 eas
589 3951 750 4010 necessario
771 3951 809 4010 ad
821 3952 943 4010 Lucium
957 3951 1127 4011 Patrenscm
1146 3951 1277 4010 referen-

164 4047 216 4105 das
247 4063 317 4106 esse.
358 4046 423 4121 Qua
453 4049 565 4106 ratione
596 4048 622 4105 si
641 4049 870 4122 progredereris,
903 4065 1001 4108 omnes
1025 4048 1085 4108 iere
1106 4049 1219 4108 fabulas
1241 4048 1277 4108 ab
