2902 4702
633 295 853 356 ..16-

182 485 379 542 narrationem
409 487 501 558 possit
532 485 656 559 proferri
687 492 804 558 praeter
835 489 900 560 hoo,
934 489 1011 559 quod
1037 492 1181 550 sententia
1202 497 1300 553 λυττᾶν

183 579 307 646 δόξαντες
328 605 363 658 με
380 582 440 660 ξίφη
462 584 550 642 πολλὰ
570 583 623 661 ἤδη
646 583 691 643 καὶ
713 583 813 662 λόγχας
835 583 875 642 ἐπ’
891 584 941 660 ἐμὲ
956 585 1106 645 ἐσπάσαντο
1122 590 1158 647 ad
1171 592 1296 662 priorem

182 677 253 737 ἀλλά
275 701 310 753 με
332 682 411 738 τοῦτο
433 681 464 738 τδ
486 681 594 758 κομψὸν
616 681 652 744 εἰς
674 683 788 759 ἔσχατον
809 680 907 757 ἤνεγκε
929 682 1051 742 κινδύνου
1073 687 1134 743 sine
1152 690 1298 759 particula

182 777 299 850 causali,
322 794 395 849 qnae
417 785 610 853 exspectatur,
634 779 684 856 γάρ
707 781 820 838 adnexa
841 786 893 838 est.
926 782 1009 840 Unde
1030 784 1145 842 minime
1166 787 1297 845 conicere

181 874 250 932 licet
280 877 488 934 sententiarum
520 877 647 934 ordinem
681 893 714 934 eo
750 879 813 935 loco
845 878 1040 950 interruptum
1065 897 1128 939 esse
1154 887 1240 953 atque
1261 901 1295 941 ex

180 973 301 1045 Apuleio
334 974 551 1031 restituendum.
594 974 684 1030 Immo
716 979 768 1031 aut
797 976 944 1045 particula
974 977 1027 1033 illa
1057 978 1209 1038 inserenda
1240 987 1294 1047 eet,

180 1070 256 1140 quod
278 1087 342 1127 oum
363 1071 460 1128 multis
481 1072 553 1128 locis
573 1071 657 1128 huius
679 1071 769 1129 libelli
791 1072 900 1141 aliquid
921 1073 1074 1145 exciderit,
1110 1075 1194 1134 facile
1216 1079 1294 1135 credi

178 1172 281 1239 potest,
305 1172 355 1224 aut
376 1169 535 1241 asyndeton
556 1169 631 1226 sicut
652 1173 697 1226 est
718 1169 888 1226 servandum
902 1175 932 1227 et
946 1171 1087 1229 similibus
1102 1175 1293 1232 constructio-

179 1264 260 1322 nibus
281 1264 496 1323 defendendum.
527 1264 628 1335 Neque
644 1265 747 1322 desunt
760 1265 826 1335 loci,
848 1266 897 1322 ubi
912 1267 1052 1343 asyndeta
1066 1267 1190 1328 fortasse
1206 1272 1293 1328 etiam

177 1361 344 1419 molestiora
364 1363 394 1418 in
408 1361 501 1420 Asino
523 1363 716 1432 inveniantur,
738 1364 813 1420 sicut
832 1364 861 1419 in
883 1365 1030 1436 capitolii
1052 1366 1083 1423 in
1097 1368 1193 1426 verbis
1210 1369 1293 1442 ἔγνων

178 1456 218 1515 ὅτι
249 1458 282 1534 δὴ
315 1457 505 1517 διασπάσονται
536 1481 571 1535 με
597 1458 671 1517 οὗτοι
701 1462 747 1517 vel
767 1462 797 1518 in
819 1478 882 1532 cap.
905 1462 942 1518 38
964 1460 1016 1527 ἔξω
1039 1461 1220 1540 ἐκδραμόντες
1241 1464 1292 1541 ὅλῃ

176 1556 212 1631 τῇ
233 1555 315 1632 κώμῃ
347 1558 387 1632 τῷ
421 1556 492 1632 λόγῳ
513 1557 655 1615 ’διέδωκαν
677 1559 724 1614 vel
745 1559 774 1615 in
796 1574 856 1631 cap.
879 1559 917 1616 49
940 1556 1118 1634 {isloi-lopas
1140 1559 1227 1618 ἕωθεν
1248 1564 1293 1619 vel

177 1652 206 1709 in
229 1669 291 1726 cap.
309 1655 343 1710 51
369 1652 485 1729 μάλιστα
505 1654 554 1730 τὴν
576 1655 633 1731 piari
655 1677 709 1730 μου
732 1654 825 1731 μύρων
848 1655 1000 1733 ἐνέπλησεν.
1033 1656 1090 1730 Qui
1111 1659 1167 1716 loci
1181 1660 1293 1716 etiamsi

176 1749 239 1807 fere
261 1768 357 1809 omues
380 1752 500 1810 diversis
521 1768 539 1809 a
559 1752 629 1810 viris
651 1753 744 1811 doctis
765 1755 900 1825 temptati
921 1755 978 1811 sint
992 1755 1173 1821 coniecturis,
1195 1763 1291 1814 tamen

181 1847 255 1906 alius
276 1849 364 1906 alium
385 1851 455 1907 satis
477 1851 551 1906 tueri
571 1849 714 1908 videntur.
746 1851 829 1909 Unde
849 1852 924 1909 hunc
944 1867 1056 1922 quoque
1070 1851 1164 1910 locum
1177 1870 1295 1925 prorsus

175 1945 315 2003 intectum
336 1946 552 2016 relinquendum
573 1963 634 2004 esse
655 1946 895 2005 verisimillimum
916 1954 968 2007 est.

255 2043 316 2100 lam
338 2044 414 2117 apud
435 2043 592 2116 Apuleium
616 2044 660 2101 ita
685 2046 879 2103 narrationem
900 2045 980 2104 vides
1001 2060 1064 2103 esse
1085 2052 1234 2116 mutatam,
1256 2055 1289 2105 ut

175 2160 207 2201 re
238 2159 308 2200 vera
339 2142 475 2199 convivae
501 2142 612 2199 asinum
635 2141 740 2200 famulo
762 2144 851 2202 alicui
872 2144 1070 2202 abducendum
1091 2144 1240 2202 traderent
1260 2151 1290 2203 et

177 2246 278 2313 postea
300 2240 411 2296 domurn
433 2240 533 2297 nuntio
555 2240 590 2297 de
611 2240 690 2297 canis
710 2240 807 2298 rabidi
827 2241 987 2312 irruptione
1008 2242 1097 2298 allato
1114 2259 1178 2299 eum
1191 2259 1289 2315 perse-

174 2339 223 2410 qui
254 2336 468 2396 constituerent.
512 2337 617 2394 Verum
650 2342 747 2395 tamen
778 2337 914 2396 facillime
947 2343 1043 2410 potest
1075 2340 1205 2409 cognosci
1235 2339 1289 2395 hac

174 2436 333 2493 mutatione
353 2439 446 2492 totum
468 2440 632 2492 contextum
651 2435 774 2492 maxime
789 2441 955 2509 corruptum
969 2441 999 2493 et
1014 2435 1203 2507 depravatum
1217 2453 1287 2494 esse.

173 2535 248 2591 Nam
270 2537 490 2590 consentaneum
517 2537 561 2590 est
587 2549 655 2591 sane
677 2534 819 2600 convivas,
842 2550 906 2591 cnm
928 2550 962 2592 ex
983 2534 1058 2591 asini
1077 2533 1238 2590 incursione
1259 2533 1288 2589 in

147 2630 363 2702 suspicionem
396 2631 527 2688 venerint
558 2647 621 2687 eum
653 2631 784 2688 rabidum
815 2648 892 2701 esse,
929 2631 988 2689 tela
1019 2648 1123 2704 parare
1158 2630 1194 2688 ad
1224 2646 1289 2687 eum

173 2728 376 2799 repellendum.
409 2727 453 2785 At
474 2744 537 2785 cum
558 2729 656 2786 asinus
677 2728 844 2786 iamdudum
865 2746 902 2787 er
922 2730 1049 2788 triclinio
1075 2729 1214 2787 abductus
1239 2729 1286 2794 sit,

173 2831 293 2898 propter
323 2826 455 2882 nuntium
485 2825 566 2882 illum
593 2842 689 2884 omnes
715 2826 788 2883 miro
810 2827 932 2899 quodam
954 2843 1094 2885 consensu
1114 2841 1231 2896 surgere
1252 2823 1290 2880 ad

172 2922 254 2979 illum
277 2922 458 2994 potissimum
479 2921 591 2979 asinum
611 2923 851 2994 persequendum,
874 2941 958 2995 quem
978 2926 1037 2982 iam
1058 2928 1138 2982 certo
1159 2924 1223 2980 loco
1243 2922 1287 2978 in-

172 3020 281 3078 clusum
303 3019 441 3077 custodiri
462 3020 592 3078 conicere
614 3020 770 3087 debebant,
793 3021 848 3078 hoo
871 3026 950 3078 corte
971 3021 1091 3077 multum
1113 3020 1208 3090 habet,
1232 3034 1286 3089 quo

170 3119 232 3174 iure
258 3117 441 3175 offendamus.
485 3117 578 3175 Multo
599 3118 769 3190 prudentius
790 3115 919 3189 profecto
941 3116 1093 3185 fecissent,
1121 3117 1145 3175 si
1166 3118 1196 3174 in
1217 3132 1287 3174 ceno

171 3231 224 3273 sua
244 3216 328 3272 lauta
349 3216 497 3286 tranquilli
517 3217 730 3288 remansissent,
753 3215 877 3287 quidque
899 3216 1023 3273 famulus
1038 3215 1073 3273 de
1088 3215 1166 3272 asino
1181 3230 1287 3271 rennn-

171 3313 295 3370 tiaturus
316 3318 406 3379 esset,
429 3318 653 3385 exspectassent.
697 3312 752 3372 Sed
773 3312 865 3384 magis
887 3312 1011 3370 fortasse
1032 3312 1193 3369 mirandum
1214 3310 1286 3368 illud

172 3414 224 3482 est,
247 3411 323 3480 qnod
345 3427 407 3469 cum
429 3411 540 3468 asinum
562 3410 714 3469 abductum
729 3410 856 3469 assecuti
870 3415 973 3477 essent,
993 3408 1116 3467 famulus
1129 3409 1179 3466 ille
1192 3407 1288 3465 subito

169 3508 299 3572 evanum
331 3524 398 3565 uam
429 3507 504 3565 sicut
536 3507 565 3563 in
587 3507 702 3566 Graeco
737 3508 834 3566 asinus
864 3523 917 3580 per
943 3510 1035 3565 totam
1061 3508 1175 3566 domum
1195 3505 1287 3563 libere

167 3610 293 3678 vagatur
307 3606 441 3675 nulloque
455 3604 631 3676 impediente
650 3604 774 3662 incurrit
787 3605 818 3662 in
833 3603 982 3662 Gallorum
997 3605 1166 3663 cubiculum.
1200 3602 1287 3659 Patet

168 3703 235 3761 hinc
268 3703 425 3760 clarissime
447 3702 566 3758 Asinum
592 3703 640 3760 bic
665 3703 792 3774 genuina
815 3701 942 3760 fideliter
961 3703 1114 3761 retinuisse
1136 3700 1286 3768 omniaque

167 3799 227 3868 illa,
250 3816 322 3870 quae
338 3800 373 3857 de
389 3800 469 3857 asino
485 3800 592 3857 famulo
607 3801 716 3858 tradito
732 3805 760 3858 et
775 3800 897 3858 abducto
914 3800 1052 3872 Apuleius
1067 3801 1144 3857 solus
1158 3795 1282 3870 exhibet,

166 3912 296 3968 quaeque
328 3913 392 3954 cum
423 3897 465 3954 cis
497 3897 640 3955 artissime
667 3898 823 3956 cohaerent
849 3897 885 3956 de
907 3897 1092 3955 convivarum
1113 3891 1291 3965 suspicionis
