2902 4702
657 304 848 366 ..3.-

200 497 323 568 primurn
347 497 457 554 Graece
484 497 662 568 conscriptos
684 514 746 554 esse
768 502 798 554 et
819 497 919 568 editos,
941 496 1043 554 deinde
1068 498 1156 570 longo
1177 500 1316 571 temporis

201 595 353 652 interiecto
385 595 479 664 spatio
510 594 608 650 multis
640 593 760 650 mutatis
791 594 821 650 in
846 594 984 651 Latinum
1014 610 1112 652 versos
1144 595 1255 654 censuit
1286 602 1317 655 et

200 691 354 749 novissime
368 689 546 764 MaassiuS,¹)
567 707 630 748 oum
645 691 768 748 Asinum
783 690 962 749 Luoianeum
984 706 1020 747 ex
1033 691 1315 765 Metamorphosibus

199 786 374 860 Apuleianis
394 786 510 845 fluxisse
534 786 702 846 affirmavit.
739 787 840 844 Paullo
861 792 928 844 ante
942 788 1076 845 Rohdeus
1095 805 1208 861 quoque
1223 791 1314 850 denuo

199 885 285 943 huius
306 886 481 956 quaestionis
498 884 672 942 mentionem
692 884 792 942 iniecit
812 890 842 942 et
861 884 984 943 fidenter
1008 885 1153 958 professus
1172 892 1216 944 est
1237 888 1316 946 nulla

200 999 235 1039 ex
256 986 338 1054 parte
353 983 515 1054 opinionem
530 998 610 1039 suam
625 998 688 1039 esse
703 979 942 1057 labefactatam.²)
979 980 1078 1053 Vides,
1093 987 1201 1053 quanta
1215 1001 1315 1043 rursus

199 1085 265 1137 orta
286 1080 324 1136 sit
345 1078 474 1136 confusio
502 1082 532 1136 et
558 1078 696 1136 dissensio
718 1079 939 1149 sententiarum,
971 1079 1015 1136 ita
1041 1084 1073 1136 ut
1097 1097 1190 1151 neque
1211 1082 1315 1140 inutile

199 1176 332 1234 videatur
342 1192 434 1246 neque
445 1193 501 1234 non
510 1180 701 1249 opportunum
712 1175 804 1234 denuo
816 1177 847 1233 in
857 1177 930 1234 hane
939 1193 1000 1234 rem
1011 1176 1156 1248 inquirere
1168 1183 1253 1250 atque
1264 1180 1316 1236 illa

199 1273 322 1342 ratione,
347 1289 429 1344 quarn
445 1273 661 1332 Goldbaoherus
681 1274 814 1352 praeivit,
836 1274 933 1346 paullo
952 1274 1065 1344 longius
1081 1274 1315 1345 progredientem

200 1373 345 1442 multoque
378 1372 540 1430 accuratius
567 1372 682 1443 singula
706 1373 917 1430 examinantem
942 1374 1034 1430 anniti
1065 1378 1095 1430 et
1119 1372 1258 1444 experiri,
1290 1375 1316 1430 si

198 1468 313 1526 tandem
337 1469 408 1527 certi
430 1468 498 1540 quid
518 1468 693 1526 inveniatur.
736 1468 815 1545 πείρᾳ
836 1467 889 1544 θην
910 1467 996 1526 πάντα
1017 1471 1139 1527 τελεῖται.

649 1715 863 1722 ———-.—-

669 1947 834 2035 daputt

279 2129 449 2197 Priusquam
471 2126 507 2184 ad
528 2142 591 2183 eam
612 2131 726 2198 partem
747 2127 923 2196 accedamus,
945 2143 1018 2198 quae
1039 2133 1084 2185 est
1097 2144 1207 2186 summa
1225 2130 1314 2188 totius

197 2217 410 2297 disputationis,
427 2229 459 2280 ut
473 2223 577 2296 Apulei
591 2224 860 2295 Metamorphoseon
872 2223 1011 2295 Asinique
1024 2224 1180 2292 ,Lueianei‘
1194 2226 1314 2285 diversi·

198 2328 274 2381 tates
305 2338 388 2393 quarn
421 2321 642 2393 diligentissime
669 2337 879 2393 comparemus,
911 2321 1006 2380 brevis
1039 2322 1194 2395 disputatio
1225 2341 1313 2396 prae-

196 2419 338 2478 mittenda
359 2424 404 2477 est
425 2419 460 2477 de
482 2419 596 2490 Photii,
629 2435 713 2489 quem
745 2435 832 2492 supra
853 2418 951 2489 oitari,
973 2419 1052 2491 loeo,
1084 2426 1116 2477 ut
1143 2421 1307 2493 intellegas,

201 2534 253 2575 eur
273 2518 377 2576 idoneo
397 2517 449 2574 illo
470 2515 655 2574 fundamento
677 2517 721 2573 uti
742 2533 875 2588 nequeas.

276 2614 375 2674 Verba
405 2613 504 2673 Photii
533 2614 606 2671 haee
637 2619 704 2671 sunt
736 2614 780 2687 (in
802 2613 861 2671 ood.
893 2613 948 2671 129
976 2630 1024 2685 pp.
1048 2611 1107 2672 96¹³
1125 2616 1161 2672 12
1182 2614 1311 2690 Bekker)

199 2709 391 2785 ,Ἀνεγνώσθη
414 2708 535 2769 Λουκίου
556 2709 686 2786 Πατρέως
707 2708 950 2786 μεταμορφώσεων
978 2708 1051 2783 λόγοι
1082 2708 1212 2788 διάφοροι.
1260 2714 1313 2770 ἔστι

196 2916 284 2986 opdter
308 2916 354 2969 onii
376 2914 517 2984 viersacleo
540 2901 715 2983 dodaoopen
738 2914 794 2967 aad
822 2920 899 2966 etwas
926 2920 1028 2966 ernster
1050 2914 1168 2982 petaliae
1194 2916 1221 2967 io
1240 2917 1313 2969 dulei-

197 3007 297 3058 uisoder
319 3004 497 3072 Bearbeituop.
534 3003 586 3056 Die
603 3003 758 3072 prieolriede
776 3001 892 3070 Fussuoq
909 3003 943 3055 ist
964 3003 1081 3055 verioren
1096 3019 1232 3072 papengem,
1251 3005 1312 3057 ader

197 3095 244 3147 der
263 3093 403 3147 Patriurek
422 3093 529 3146 Plotius
548 3093 586 3145 Ius
604 3093 639 3144 sie
656 3092 719 3144 noel
739 3092 773 3143 im
793 3090 817 3144 9.
835 3090 1015 3143 Jasrlooderr
1033 3091 1088 3143 und
1105 3108 1162 3142 war
1181 3092 1312 3159 despoton

198 3184 335 3251 (ildeberto,
355 3182 414 3236 duas
433 3183 480 3236 der
498 3182 568 3236 Held
586 3181 816 3247 11161111ιό11,
841 3180 934 3232 Lucius
952 3197 1001 3232 von
1023 3178 1116 3241 Patra,
1139 3180 1197 3231 weil
1218 3195 1246 3231 er
1266 3180 1312 3231 das

194 3273 320 3341 ponzaio
340 3271 387 3324 der
407 3278 490 3324 ersten
506 3269 598 3324 Persou
616 3277 732 3337 oortroq,
751 3268 815 3321 auch
835 3268 952 3320 ooirklieh
970 3267 1012 3319 ihr
1031 3266 1163 3326 Verfaaaer
1179 3266 1222 3319 sei.
1260 3266 1312 3318 Ein

197 3360 303 3431 Auozoq
322 3377 368 3413 uos
387 3361 443 3413 dem
460 3359 632 3428 prieelairelten
653 3359 771 3426 original
791 3358 825 3410 ist
841 3374 889 3410 uus
907 3357 1032 3408 swarten
1051 3355 1162 3408 Luciam
1180 3352 1312 3422 Schriften

194 3457 269 3503 noter
283 3451 339 3502 dem
356 3449 423 3502 Titel
439 3448 542 3515 ,Lusium
560 3448 622 3501 oder
641 3448 688 3500 der
701 3445 771 3500 Esel‘
786 3446 909 3512 erltulten,
929 3445 990 3497 aber
1002 3444 1138 3498 aioherliod
1150 3460 1199 3496 von
1214 3442 1312 3495 [111111

193 3538 264 3590 nieht
281 3537 456 3606 auqefertothf

266 3624 287 3692 ¹)
306 3623 391 3678 index
412 3622 498 3680 schol.
515 3623 621 3693 Gryph.
642 3624 758 3694 1886l87
772 3638 799 3691 p.
817 3621 880 3676 XIV
899 3622 993 3675 annot.
1013 3621 1037 3678 2.
1077 3616 1170 3686 „Quae
1188 3631 1252 3671 eum
1269 3616 1311 3670 ita

196 3714 252 3768 sint
270 3711 428 3781 ,Lucienus‘
447 3712 540 3781 ipsum
557 3711 710 3781 Apuleium
727 3711 867 3780 respioere
885 3707 1022 3765 videtur.“

267 3801 290 3870 ²)
308 3802 400 3856 iiheiu.
420 3801 487 3856 Mus.
506 3805 555 3856 vol.
574 3801 618 3859 40.
637 3801 733 3868 (1885)
750 3819 777 3870 p.
797 3800 837 3855 91.
868 3796 1197 3867 η81111111111111111111
1216 3796 1311 3849 damner

194 3892 319 3946 Keontnis
339 3890 495 3960 pekommen,
523 3907 575 3944 roua
598 3890 664 3942 raiol
691 3907 725 3942 zu
744 3890 813 3942 aner
831 3887 991 3955 Aenderuop
1014 3886 1061 3938 der
1084 3885 1144 3936 doro
1166 3885 1204 3950 (in
1228 3885 1310 3937 libello

194 3999 266 4052 quern
283 3999 311 4051 p.
330 3975 367 4032 13
380 3979 498 4047 laudam)
515 3986 714 4049 vorpetraqeuen
732 3976 852 4047 Meinoup
869 3977 1032 4028 omanlmsea
1050 3971 1150 4084 111111εέ

1120 4061 1134 4110 l
