2902 4702
628 340 851 403 ..17-

180 530 300 603 origine,
322 532 414 603 ipsum
436 531 516 590 illum
537 531 701 600 inseruisse,
723 532 812 591 etad
832 532 983 603 sequentia
1004 537 1139 591 accurate
1161 549 1196 591 ex
1217 533 1298 593 fonte

180 629 356 702 transcripta
376 645 434 687 non
454 630 525 687 satis
546 629 708 702 adaptasse.

259 726 304 783 At
323 742 441 798 prorsus
461 726 549 784 aliter
569 742 616 784 res
636 742 667 784 se
688 726 776 785 habet
796 726 826 783 iu
846 726 903 784 fine
923 726 1007 784 huius
1027 725 1153 785 fabulae.
1188 727 1297 786 Narrat

181 824 256 881 enim
276 822 421 896 Apuleius
441 823 486 881 ΙΧ
508 825 535 892 3,
557 827 576 881 4
602 829 718 896 postero
740 824 787 882 die
807 823 919 896 Gallos,
953 841 1016 882 oum
1037 825 1150 883 asinum
1171 825 1297 883 sobrium

181 925 212 977 et
239 937 338 978 sanum
360 922 517 980 consistere
538 922 767 994 conspexissent,
794 928 827 979 ut
848 927 938 994 certo,
960 923 985 980 si
1005 922 1064 980 iam
1085 922 1298 981 mansuefactus

181 1022 266 1088 esset,
289 1019 498 1091 experirentur,
514 1035 604 1089 aquae
618 1019 733 1090 plenam
748 1020 860 1091 pelvem
874 1019 902 1077 ei
920 1019 1059 1078 obtulisse
1073 1020 1162 1092 potui,
1177 1036 1296 1090 cumque

181 1115 231 1172 ille
252 1116 314 1173 sine
336 1133 418 1174 mora
438 1120 530 1174 totum
558 1123 644 1190 eaput
664 1117 818 1188 intulisset,
841 1118 898 1175 iam
919 1117 955 1176 <le
976 1118 1056 1176 rabie
1070 1134 1185 1176 securos
1198 1135 1304 1192 rursus,

180 1227 244 1268 eum
267 1213 304 1270 ad
324 1213 400 1271 viam
423 1213 603 1285 produxisse.
647 1215 728 1273 Haec
750 1215 847 1272 omnia
867 1215 964 1273 omisit
984 1215 1144 1287 Lucienus,
1178 1232 1296 1287 cumque

180 1309 291 1366 asinum
312 1310 340 1366 in
359 1310 506 1368 Gallorum
528 1311 658 1369 eubiculo
679 1312 820 1370 inclusum
841 1329 904 1370 esse
925 1312 1080 1384 attulisset,
1103 1313 1202 1370 statim
1223 1313 1295 1371 haec

179 1407 302 1464 subiecit
332 1407 416 1464 initio
448 1408 551 1479 capitis
571 1409 606 1465 41
647 1407 739 1483 ἐπειδὴ
771 1407 801 1466 δὲ
825 1407 878 1484 ἤδη
901 1407 1002 1486 ὄρθρος
1022 1407 1064 1485 ἧν,
1090 1408 1227 1487 ἀράμενος
1246 1410 1295 1486 τὴν

175 1501 241 1560 θεὸν
274 1501 350 1565 αὖθις
381 1500 485 1581 ἀπῄειν.
527 1503 699 1563 Rectissime
725 1505 759 1562 de
786 1505 841 1563 hoo
862 1506 1026 1563 discrimine
1048 1507 1180 1580 exposuit
1200 1506 1295 1566 Gold-

175 1601 318 1659 baoberus
339 1602 502 1660 necessario
524 1604 611 1660 etiam
632 1602 663 1659 in
683 1601 778 1660 Asino
799 1603 955 1676 postulari,
987 1608 1021 1660 ut
1042 1609 1294 1662 commemoratum

174 1700 222 1770 sit,
244 1716 367 1771 quanam
387 1717 420 1758 re
436 1699 515 1758 Galli
536 1701 737 1772 cognovissent
758 1701 870 1758 asinum
890 1716 991 1758 rursus
1011 1716 1113 1757 sanum
1127 1718 1190 1758 esse
1206 1705 1292 1772 atque

174 1797 211 1854 ad
242 1798 323 1855 deam
358 1799 529 1872 portandam
560 1799 703 1857 idoneum.
743 1799 843 1871 Neque
869 1799 944 1856 enim
965 1797 1064 1856 facere
1085 1815 1200 1870 possum
1223 1816 1285 1857 cum

175 1895 313 1966 Knautio,
336 1897 384 1967 qui
406 1898 522 1954 etiamsi
542 1897 596 1954 hoc
610 1898 682 1968 loco,
704 1912 772 1954 num
786 1912 818 1952 re
832 1911 902 1953 vera
916 1896 1021 1953 Asinus
1035 1896 1140 1967 Apulei
1153 1893 1216 1952 fons
1230 1911 1293 1953 esse

174 1998 281 2064 posset,
308 1993 440 2051 dubitare
462 1992 598 2064 eoeperit,
619 1996 714 2051 tamen
737 2008 834 2049 omnes
856 1991 1053 2050 dubitationes
1074 2009 1108 2050 eo
1130 1992 1291 2063 concoquit,

174 2090 249 2159 qnod
269 2091 357 2146 moris
377 2106 439 2147 esse
454 2089 577 2147 Luciaui
593 2092 712 2161 constet,
735 2089 810 2146 satis
824 2090 923 2147 multis
936 2088 1032 2147 verbis
1045 2088 1166 2161 referre,
1189 2090 1292 2160 quibus

173 2186 262 2242 variis
284 2185 398 2243 casibus
412 2185 509 2243 asinus
519 2190 649 2254 vexetur,
673 2185 723 2251 scd
736 2185 836 2258 paneis
851 2202 1027 2258 expromere,
1050 2187 1190 2257 quomodo
1206 2188 1290 2245 malis

173 2282 321 2340 liberetur.
364 2283 464 2353 Neque
495 2283 570 2340 enim
602 2283 669 2360 talis
700 2283 875 2340 narrationis
900 2284 977 2341 ratio
1004 2283 1154 2356 scriptoris
1176 2289 1220 2342 est
1241 2285 1291 2343 sed

104 2399 107 2405 ·
172 2378 389 2454 excerptoris¹),
417 2395 509 2453 neque
531 2362 701 2438 omninode
725 2380 779 2438 illa
801 2388 834 2438 r'e
859 2396 953 2452 pauca
976 2381 1066 2438 uerba
1093 2381 1185 2439 allata
1213 2388 1288 2454 sunt,

170 2477 220 2534 sed
242 2476 327 2549 plane
348 2478 441 2543 nnlla;
464 2478 591 2548 ideoque
606 2477 768 2535 necessario
789 2478 893 2535 lacuna
913 2478 985 2536 satis
1006 2478 1102 2550 ampla
1122 2478 1152 2536 in
1173 2484 1290 2537 senten-

170 2574 277 2630 tiarum
292 2591 446 2647 progressu
463 2574 617 2632 statuenda
632 2579 684 2642 est,
707 2590 779 2645 quae
794 2590 830 2632 ex
843 2575 1123 2647 Metamorphosibus
1138 2575 1287 2648 aptissime

173 2672 271 2740 potest
302 2669 420 2740 expleri.
462 2668 550 2727 Patet
580 2670 727 2741 igiturex
748 2670 843 2727 altera
863 2676 948 2743 parte
969 2670 1097 2740 Asinum,
1125 2688 1161 2728 ex
1196 2673 1289 2731 altera

172 2765 422 2838 Metamorphoses
446 2766 563 2838 propius
580 2765 631 2830 ,ad
661 2766 813 2838 genuinam
844 2766 958 2824 fabulae
990 2767 1112 2824 formam
1142 2768 1288 2827 accedere.

172 2861 257 2921 Unde
289 2863 361 2921 illud
386 2863 546 2921 necessario
578 2861 703 2921 efficitur
728 2880 819 2934 neque
841 2864 1019 2934 ,Lucianum‘
1040 2865 1076 2922 ab
1097 2865 1221 2939 Apuleio
1242 2883 1287 2925 re·
1376 2940 1383 2951 .

171 2966 300 3032 spectum
322 2977 384 3019 esse
412 2977 495 3033 posse
516 2976 607 3031 neque
629 2961 782 3033 Apuleium
803 2978 821 3018 a
842 2961 999 3033 ,Lucian0‘,
1021 2963 1072 3020 sed
1092 2964 1209 3020 tertiam
1229 2964 1287 3021 ali-

170 3074 254 3127 quam
287 3059 412 3116 eiusdem
443 3058 606 3133 argumenti
636 3057 766 3116 fabulam
796 3058 920 3116 alterum
952 3061 1128 3133 excerpsisse
1161 3060 1285 3119 alterum

168 3155 289 3213 auxisse.
335 3155 393 3215 Vix
425 3171 593 3228 quemquam
624 3161 694 3229 puto
726 3160 897 3228 negaturum
930 3170 1004 3227 esse,
1036 3157 1117 3215 illum
1144 3157 1285 3226 ,Luciani‘

168 3253 327 3325 Apuleique
353 3252 462 3312 fontem
484 3270 659 3319 communem
680 3253 770 3311 fuisse
790 3252 875 3310 Lucii
896 3250 1047 3311 Patrensis
1068 3253 1284 3327 Metamorpho·

168 3366 238 3408 seon
257 3350 348 3409 libros
369 3352 440 3411 duos
461 3352 582 3425 priores,
604 3368 674 3423 quos
694 3351 761 3410 inde
775 3351 885 3422 liquido
901 3355 1032 3422 apparet
1044 3351 1163 3408 eandem
1185 3366 1284 3409 narra·

168 3446 257 3506 tionis
277 3449 418 3506 rationem
439 3465 510 3521 prae
530 3465 561 3508 se
582 3449 682 3507 tulisse
701 3447 828 3507 iocosam
849 3451 879 3505 et
899 3448 1039 3506 ironicam
1059 3451 1145 3518 atque
1166 3447 1284 3506 Asinum

167 3542 319 3614 epitomen.

246 3640 363 3699 Duobus
382 3641 428 3700 bis
448 3641 520 3700 locis
540 3641 728 3716 gravissimis,
751 3641 876 3713 quidque
898 3640 933 3699 de
947 3639 1060 3698 ratione
1074 3639 1150 3699 inter
1164 3639 1281 3711 ,Lucia-

235 3844 256 3910 ¹)
275 3842 400 3899 Petronii
427 3857 538 3914 quoque
560 3842 665 3898 sabroe
688 3857 789 3912 magna
807 3858 842 3898 ex
860 3843 942 3912 parte
960 3841 1001 3895 ita
1020 3839 1188 3909 epitomatae
1207 3842 1281 3908 sunt,

162 3933 194 3987 ut
221 3931 395 4001 singulorum
412 3931 541 4002 Encolpii
570 3948 684 3988 manum
711 3932 826 3987 exordia
852 3933 962 3986 tantum
981 3929 1067 3984 allata
1086 3928 1143 3988 sint
1160 3927 1233 3983 sicut
1250 3929 1280 3983 in

162 4036 221 4090 cap.
244 4022 355 4091 12-15,
378 4022 489 4090 16-19,
510 4023 624 4078 at—el.

1062 4107 1079 4161 2

1308 3907 1322 3936 d
