2902 4702
645 360 865 424 ..53-

201 549 336 622 religioso
359 550 548 622 celebrentur,
570 548 754 608 manifestum
777 553 821 607 est
843 554 1013 620 argumento
1035 564 1086 605 suo
1109 550 1144 605 ab
1163 549 1216 607 illa
1230 549 1314 606 Lucii

200 649 295 706 ironia
316 652 345 706 11
370 647 519 705 hilaritate
540 662 659 719 prorsus
680 645 797 704 distare.
840 644 940 717 Atque
965 644 1037 702 illud
1058 660 1169 716 quoque
1192 645 1312 717 accedit,

201 745 275 817 quod
295 744 387 802 Lucio
408 742 563 802 reformato
590 748 621 801 et
640 743 670 800 in
691 743 817 815 patriam
837 757 953 801 reverso
974 741 1074 799 tabula
1095 741 1132 799 ad
1153 743 1314 800 naturalem

89 864 90 867 ¹
200 843 338 915 quendam
353 842 439 900 finem
453 843 593 914 perducta
609 846 653 899 111
673 841 717 898 111
741 845 775 898 11
789 841 891 906 omnia,
908 856 980 911 quae
993 845 1145 911 praeterea
1160 840 1312 910 addantur,

203 940 341 1011 languida
361 938 514 997 videantur
528 944 558 996 et
572 954 794 1011 supervacanea.
827 937 905 1008 Quae
920 953 983 994 cum
997 938 1040 995 ita
1054 937 1120 1009 sint,
1138 937 1184 995 cui
1197 936 1315 994 tandem

200 1037 349 1109 probabile
380 1035 506 1106 videtur,
539 1035 650 1092 exitum
673 1034 869 1106 Apuleianum
902 1050 965 1091 eum
993 1034 1230 1106 praecedentibus
1256 1048 1313 1091 non

203 1135 294 1191 solum
309 1133 387 1190 nullo
401 1132 516 1190 vinculo
532 1132 734 1190 cohaerentem
748 1131 798 1190 sed
814 1132 900 1189 etiam
916 1136 1086 1202 argumento
1102 1132 1315 1204 discrepantem
1351 1125 1353 1130 ’

202 1232 238 1287 ab
258 1230 322 1301 ipso
337 1229 427 1287 Lucio
442 1229 580 1288 Patrensi
595 1230 782 1302 compositum
798 1245 869 1301 esse,
892 1246 956 1286 eum
972 1235 1081 1298 eontra,
1104 1247 1188 1302 quern
1204 1229 1315 1298 ,Lucia-

200 1332 262 1385 nus‘
295 1327 424 1396 exhibet,
458 1327 637 1399 aptissimum
665 1331 694 1385 et
720 1326 757 1383 ad
782 1327 882 1399 priora
906 1331 986 1384 recte
1006 1327 1203 1398 intellegenda
1222 1343 1315 1398 paene

202 1426 396 1484 necessarium
417 1426 454 1481 ab
475 1425 531 1482 alio
553 1424 674 1494 quodam
696 1441 786 1495 eoque
808 1431 977 1495 excerptore
998 1425 1142 1482 adiectum
1162 1421 1244 1482 esse?

282 1522 371 1579 Vides
391 1521 438 1581 vel
459 1521 502 1579 his
517 1519 714 1579 Goldbaoheri
734 1521 907 1578 sententiam
921 1520 1005 1578 valde
1030 1521 1238 1579 labefactatam
1254 1537 1316 1579 esse

202 1608 494 1689 verisimillimumque
520 1618 614 1675 videri
639 1618 686 1675 hie
712 1634 824 1689 quoque
853 1617 1032 1689 ‚Lucianum‘
1059 1618 1144 1675 Lucii
1169 1617 1317 1688 exemplar

202 1723 423 1790 repraesentare
444 1721 474 1774 et
494 1715 650 1788 Apuleium
676 1720 768 1773 toturn
793 1715 900 1772 librum
920 1716 1100 1773 undecimum
1121 1731 1171 1772 suo
1194 1713 1315 1771 arbitrio

204 1815 351 1873 adiecisse.
383 1812 441 1872 Sed
461 1814 551 1871 multo
567 1795 698 1870 'certiora
712 1812 852 1870 accedunt
865 1817 1043 1882 argumenta.
1076 1811 1316 1868 Luculentissime

205 1912 281 1970 enim
314 1911 505 1968 demonstrari
535 1915 631 1983 potest
655 1915 686 1967 et
712 1911 936 1968 demonstratum
968 1915 1012 1968 111
1042 1908 1201 1967 aRohdeo
1229 1907 1315 1981 (11111.

201 2010 292 2068 Rhen.
314 2011 369 2068 XL
393 2028 422 2082 p.
449 2011 486 2068 76
507 2013 582 2084 sqq)
605 2011 716 2067 omnino
738 2027 756 2066 1
776 2009 855 2066 11111
877 2009 934 2066 1110
956 2009 1043 2068 scribi
1068 2009 1194 2081 potuisse
1221 2013 1316 2065 totum

203 2108 284 2165 illum
304 2107 409 2165 librum
430 2107 486 2194 nisi
507 2109 542 2164 ab
564 2108 696 2178 Apuleio
718 2107 785 2178 quia
805 2107 835 2163 in
856 2124 889 2164 eo
910 2124 968 2164 non
982 2108 1039 2164 iam
1055 2107 1089 2164 de
1103 2106 1189 2163 Lucii
1205 2105 1316 2163 casibus

206 2209 339 2276 ageretur
369 2205 421 2262 sed
451 2205 486 2262 de
518 2205 607 2276 ipsius
632 2203 741 2277 Apulei
771 2205 832 2262 vita
862 2204 1012 2275 factisque.
1054 2204 1130 2264 Nam
1157 2203 1316 2261 clarissime

203 2306 286 2373 patet
312 2319 374 2359 eum
393 2302 525 2370 Lucium,
554 2302 654 2373 quiin
675 2303 750 2359 libro
772 2301 921 2359 undecimo
944 2301 1125 2359 describatur
1145 2306 1177 2357 ut
1199 2300 1317 2358 deorum

203 2399 293 2456 cultui
317 2382 446 2458 intentus
477 2405 507 2458 et
533 2405 654 2474 propter
679 2398 798 2472 pietatis
818 2415 887 2457 suae
909 2399 1113 2457 abundantiam
1135 2399 1166 2455 11
1187 2399 1318 2455 intimam

203 2496 321 2555 deorum
352 2498 478 2569 gratiam
509 2502 655 2569 receptus,
688 2512 805 2569 prorsus
837 2497 981 2555 diversum
1007 2513 1070 2554 1111
1096 2497 1131 2553 ab
1157 2512 1190 2552 eo
1217 2495 1317 2566 Lucio,

206 2596 286 2652 cuius
312 2595 493 2651 calamitates
519 2595 659 2652 ridiculae
686 2599 717 2650 et
741 2609 827 2664 saepe
851 2595 981 2651 lubricae
1002 2594 1032 2649 11
1053 2592 1150 2650 decem
1170 2592 1317 2663 prioribus

205 2689 288 2748 libris
309 2693 471 2747 narrentur.
513 2690 565 2747 Et·
584 2691 718 2763 exposuit
743 2691 850 2762 optime
875 2690 1012 2748 Rohdeus
1039 2689 1101 2763 (pp.
1124 2689 1170 2759 78,
1194 2689 1246 2764 79)
1273 2705 1316 2758 ea,

206 2804 278 2859 quae
300 2789 336 2846 de
355 2787 441 2845 Lucii
461 2787 577 2844 fortuna
598 2792 628 2843 11
649 2787 759 2844 familia
780 2787 809 2843 iu
823 2786 878 2845 hoc
891 2787 966 2845 libro
977 2787 1112 2867 'exposita
1127 2792 1230 2857 essent,
1254 2802 1317 2843 oum

204 2885 351 2959 prioribus
381 2885 461 2942 nulla
493 2885 607 2943 ratione
638 2900 722 2958 posse
747 2884 896 2942 conciliari
917 2884 1072 2955 eademque
1093 2889 1188 2942 tamen
1211 2883 1318 2955 optimc

204 3000 361 3055 congruere
381 2978 453 3039 'cum
474 2983 530 3053 eis,
557 2998 630 3054 quae
651 2982 687 3040 de
708 2979 819 3055 Apulei
839 2982 901 3039 vita
922 2999 959 3040 11
977 2981 1097 3053 reliquis
1118 2982 1179 3039 eius
1199 2980 1318 3052 scriptis

206 3080 324 3152 cognita
344 3080 523 3139 haberemus.
558 3079 658 3151 Atque
684 3079 745 3150 ipse
766 3079 905 3151 Apuleius
927 3079 1040 3138 etiamsi
1062 3083 1227 3136 contextum
1241 3078 1319 3134 inter

206 3178 310 3235 librum
332 3178 360 3234 X
381 3183 411 3235 et
431 3177 475 3235 XI
505 3194 562 3234 non
587 3192 706 3248 prorsus
737 3176 894 3249 interrupit
919 3180 949 3234 et
973 3177 1004 3233 11
1029 3177 1083 3234 hoc
1109 3192 1221 3247 quoque
1246 3173 1318 3231 locis

205 3274 371 3345 quibusdam
392 3276 514 3334 Lucium
535 3280 566 3332 11
581 3273 764 3332 Corinthium
785 3273 939 3345 descripsit
961 3271 1211 3348 (0111811101,
1234 3287 1317 3343 aper·

204 3373 313 3431 tissime
339 3379 436 3430 tamen
462 3373 520 3430 iam
541 3389 598 3430 non
619 3389 649 3430 se
671 3372 816 3430 11Ι11010
837 3372 888 3429 illo
910 3371 1007 3442 priore
1028 3369 1119 3428 verba
1139 3370 1244 3440 lacere,
1267 3366 1319 3424 sed

203 3469 238 3526 de
260 3485 291 3525 se
311 3469 374 3542 ipso
395 3470 491 3526 verbis
512 3469 680 3539 quibusdam
701 3467 841 3526 indicavit
862 3484 923 3539 cap.
946 3467 983 3525 27
1008 3467 1100 3536 „mitti
1125 3465 1181 3524 sibi
1196 3465 1318 3523 Madau-

205 3581 318 3623 rensem
343 3566 393 3623 sed
415 3566 568 3623 admodum
588 3570 774 3638 pauperem“.
816 3565 906 3635 Quam
928 3580 1026 3624 vocem
1047 3562 1266 3622 Goldbacherus
1287 3567 1320 3620 ut

205 3663 366 3720 sententiae
387 3678 455 3720 suae
475 3663 598 3720 maxime
620 3662 821 3721 adversantem
848 3666 1014 3733 corruptam
1035 3677 1096 3719 esse
1122 3661 1232 3718 censuit
1246 3661 1319 3718 eius·

205 3773 260 3828 que
280 3759 674 3833 loeffalindrestituendum,
695 3764 729 3816 ut
750 3757 1055 3831 „maneDoriensem“
1078 3757 1203 3828 velquid
1217 3757 1318 3815 simile.

205 3856 306 3928 Neque
327 3857 403 3915 11111
424 3856 562 3917 credibile
583 3873 646 3915 esse
666 3856 822 3929 Apuleium
843 3860 1014 3930 perpetuum
1033 3854 1114 3912 illum
1135 3871 1204 3912 suae
1225 3853 1320 3912 laudis

204 3953 377 4026 virtutisque
409 3944 580 4028 praeconem
605 3971 635 4013 se
656 3953 749 4012 Lucio
776 3953 875 4025 paullo
901 3956 970 4011 ante
997 3969 1033 4011 ex
1060 3953 1141 4010 asino
1163 3950 1319 4009 reformato

209 4053 361 4112 subiecisse
381 4053 479 4125 itaque
500 4052 556 4110 sibi
577 4051 716 4110 acerrime
737 4051 832 4124 ipsum
852 4050 985 4108 irrisisse.
1020 4048 1129 4108 Verum
1149 4054 1245 4106 tamen
1266 4063 1320 4119 ego
