2902 4702
609 353 830 415 ,27-

162 543 310 615 voluisset,
332 543 391 602 illis
412 544 593 615 colloquium,
617 546 692 618 quod
711 544 854 618 Apuleius
876 545 967 605 refert
987 547 1016 604 in
1038 563 1099 619 cap.
1122 548 1170 617 21,
1192 548 1278 605 attrI·

162 641 250 699 boore
271 646 402 699 coactum
423 657 494 700 esse.

246 735 304 795 Sed
324 738 397 796 haec
422 742 592 811 argumenta
621 738 707 798 valde
732 739 838 798 debilia
866 739 947 797 duco.
990 739 1176 799 Manifestum
1203 742 1279 799 enim

164 840 209 893 θεῖ
229 836 305 907 apud
319 834 477 908 Apuleium
498 836 617 894 comites
639 854 674 895 ea
695 837 756 895 sola
777 837 812 895 de
833 853 921 896 causa
940 838 1075 897 inductos
1097 855 1167 910 esse,
1190 844 1223 896 ut
1244 839 1279 896 de

162 935 283 994 Socrate
304 934 405 993 fabula
419 936 457 993 ab
470 935 507 994 iis
520 937 635 994 narrari
648 941 754 1008 posset,
775 936 897 1007 ideoque
910 936 962 993 illa
982 940 1095 994 resecta
1114 935 1278 1008 excerptori

164 1050 201 1092 ne
215 1032 363 1090 minimam
383 1033 497 1103 quidem
511 1049 626 1091 causam
640 1032 735 1100 foisse,
758 1049 810 1090 cur
830 1049 879 1091 eos
889 1032 1040 1091 retineret.
1072 1034 1161 1090 Immo
1183 1033 1279 1090 omnia

162 1128 272 1201 optime
285 1128 488 1202 procedebant,
506 1129 531 1187 si
545 1147 564 1187 a
578 1129 673 1202 capite
688 1131 706 1187 2
721 1131 820 1188 statim
834 1129 872 1186 ad
886 1134 972 1202 caput
986 1129 1025 1187 22
1036 1130 1280 1202 progrediebatur

162 1225 283 1297 reliquis
314 1226 444 1284 omnibus
475 1227 596 1286 omissis.
638 1227 717 1298 Quae
748 1242 812 1284 cum
844 1226 887 1284 ita
908 1227 978 1295 sint,
1011 1242 1065 1298 ego
1091 1227 1168 1283 nullo
1194 1225 1278 1284 modo

163 1339 280 1396 possum
300 1323 374 1380 mihi
397 1324 585 1396 persuadere,
608 1329 818 1396 excerptorem,
842 1340 905 1380 curn
931 1323 982 1380 illo
1007 1324 1091 1382 modo
1118 1323 1224 1395 optime
1250 1328 1280 1381 et

162 1419 300 1478 facillime
311 1419 438 1478 fabulam
453 1421 623 1479 abbreviare
639 1421 776 1494 potuerit,
798 1421 871 1478 miro
887 1421 984 1491 aliquo
999 1422 1135 1479 comitum
1149 1421 1277 1478 retinen·

165 1518 266 1577 dorum
302 1518 395 1577 studio
421 1522 583 1590 permotum
614 1523 707 1577 totam
737 1519 934 1589 insequentem
965 1519 1118 1576 historiam
1143 1523 1277 1576 mutasse.

163 1613 257 1672 Multo
278 1614 391 1686 quidem
415 1615 580 1673 credibilius
601 1619 645 1673 est
665 1614 832 1688 Apuleium,
855 1631 919 1672 cum
944 1616 1094 1673 comitibus
1115 1632 1182 1674 usus
1203 1620 1281 1673 esset

165 1711 202 1769 ad
224 1711 352 1769 fabulam
373 1712 454 1769 illam
474 1713 662 1782 narrandam,
683 1712 741 1770 iam
757 1729 869 1784 novam,
892 1713 930 1770 ad
951 1729 1035 1783 quam
1054 1713 1140 1770 Lucii
1159 1729 1278 1784 percon·

164 1808 290 1866 tationes
305 1809 506 1881 dirigerentur,
529 1825 680 1882 personam
700 1810 793 1882 ipsum
808 1809 962 1878 addidisse,
984 1808 1059 1879 quod
1080 1825 1144 1867 eum
1165 1809 1280 1881 saepius

164 1905 268 1964 fecisse
288 1910 392 1978 postea
411 1905 578 1963 videbimus

244 2003 352 2061 Verum
383 2005 479 2060 tamen
504 2003 665 2060 accuratius
696 2003 726 2058 in
757 2003 831 2060 hanc
861 2018 921 2059 rem
948 2001 1149 2073 inquirendum
1181 2007 1225 2060 θεῖ
1250 2008 1280 2060 ot

162 2100 256 2158 totius
280 2099 337 2157 loci
369 2103 521 2157 contextus
546 2098 752 2170 respiciendos.
794 2097 948 2156 Concurrit
973 2099 1081 2156 Lucius
1112 2099 1187 2171 apud
1212 2098 1280 2167 ,Ln-

163 2194 287 2251 oianum‘
312 2193 434 2266 Hypata
464 2192 645 2267 profecturus
676 2211 739 2253 curn
771 2195 837 2254 aliis
869 2195 1050 2268 quibusdam,
1083 2197 1133 2267 qui
1163 2203 1193 2254 et
1223 2197 1280 2269 ipsi

70 2304 77 2317 ·
162 2290 285 2364 Hypata
305 2295 416 2363 petant.
459 2292 521 2349 Iam
553 2308 617 2349 cum
642 2293 679 2350 ad
704 2293 805 2350 urbem
826 2295 1007 2366 accessisset,
1042 2295 1155 2365 quaerit
1176 2311 1212 2352 ex
1232 2294 1279 2367 iis,

163 2404 232 2446 num
257 2388 460 2461 Hipparchum
485 2391 626 2460 quendam
658 2391 805 2461 cognitum
835 2391 974 2462 habeant,
1008 2392 1085 2464 apud
1110 2407 1194 2462 quem
1224 2391 1280 2448 sihi

165 2485 371 2544 devertendum
392 2486 440 2552 sit,
462 2486 607 2557 petitque,
629 2491 661 2543 ut
682 2487 797 2544 domum
823 2489 883 2546 eius
909 2488 965 2545 sihi
991 2489 1154 2547 ostendant.
1196 2488 1280 2546 Haec

165 2581 262 2639 omnia
283 2583 356 2640 bene
377 2582 455 2641 inter
475 2600 505 2641 εθ
532 2584 688 2642 cohaerent
708 2600 743 2641 ac
763 2601 799 2641 ne
824 2585 972 2641 minimum
992 2586 1107 2655 quidem
1128 2585 1281 2656 vestigium

163 2679 306 2752 praebent
319 2680 521 2752 excerptionis,
563 2679 706 2738 Similiter
727 2682 804 2753 apud
824 2680 981 2753 Apuleium
1003 2697 1114 2752 quoque
1135 2683 1280 2738 concurrit

163 2776 273 2835 Lucius
298 2793 363 2834 curn
399 2778 507 2836 dnobus
532 2778 654 2851 Hypata
675 2775 934 2849 proficiscentibus,
967 2778 1018 2834 sed
1044 2793 1101 2835 non
1120 2778 1151 2835 id
1177 2794 1212 2835 ex
1238 2778 1280 2835 eis

165 2873 288 2944 quaerit,
303 2874 379 2945 quod
391 2875 418 2932 ei
430 2876 504 2933 scire
515 2890 586 2946 opus
598 2879 659 2932 erat
671 2874 706 2932 de
716 2874 834 2942 Milone,
851 2875 902 2932 sed
915 2879 982 2947 post
995 2875 1111 2932 illorum
1125 2875 1281 2934 discessum

166 2985 203 3028 ex
224 2986 296 3043 copa
316 2972 415 3042 aliqua
434 2975 632 3043 percontatur,
654 2988 722 3028 num
742 2971 856 3028 omnino
877 2972 1003 3044 Hypatio
1030 2972 1069 3030 sit
1095 2988 1219 3044 numque
1239 2973 1281 3031 ihi

162 3067 236 3125 Milo
256 3067 374 3139 quidam
387 3068 508 3126 habitet.
551 3067 609 3127 Sed
622 3071 778 3142 permirum
793 3085 855 3127 θεεθ
869 3069 985 3128 videtur
1006 3086 1071 3128 eum
1091 3072 1140 3142 qui
1160 3072 1280 3143 longum

163 3170 277 3238 tempus
308 3182 372 3223 cum
397 3166 507 3224 duobus
527 3166 747 3240 Hypatensibus
773 3167 831 3224 iter
856 3183 1003 3225 commune
1030 3167 1160 3238 fecisset,
1193 3172 1281 3240 atque

164 3262 280 3321 abillis
306 3263 402 3321 omnia
427 3263 480 3321 illa
511 3265 619 3336 optimc
652 3265 810 3337 comperire
840 3268 950 3337 posset,
983 3281 1040 3322 non
1067 3282 1101 3323 ex
1127 3266 1185 3324 illis
1209 3267 1281 3324 haee

166 3360 356 3432 quaesivisse,
389 3365 478 3432 utque
504 3361 623 3419 Milonis
655 3362 741 3420 aedes
765 3361 821 3420 sihi
847 3363 1043 3435 ostenderent,
1070 3364 1207 3436 petivisse
1232 3363 1282 3421 sed

163 3457 294 3532 Hypatio
314 3458 436 3532 demum,
461 3475 529 3516 num
555 3460 670 3518 omnino
696 3464 778 3518 recta
803 3461 851 3518 via
876 3460 1022 3533 profectus
1048 3462 1084 3520 sit
1105 3463 1281 3535 Hypataque

164 3572 235 3616 vere
248 3557 421 3631 pervenerit,
439 3558 588 3616 sciscitari.
622 3558 710 3616 Patet
722 3558 823 3629 igitur,
846 3575 919 3630 quae
940 3560 1017 3631 apud
1029 3559 1189 3616 Locianum
1209 3557 1281 3614 bene

99 3702 102 3707 .
164 3658 196 3712 et
216 3659 284 3727 apte
297 3655 465 3727 procedant,
489 3655 590 3713 eadem
610 3655 686 3728 apud
701 3653 859 3728 Apuleium
873 3655 1038 3712 introducta
1052 3669 1143 3726 copae
1157 3669 1281 3726 persona

80 3794 100 3807 .
165 3748 284 3823 dirupta
304 3766 367 3809 θεεθ
393 3754 422 3808 θῖ
444 3751 611 3824 depravata.
653 3751 718 3825 Qua
749 3753 784 3809 de
810 3768 898 3809 causa
921 3751 993 3808 mihi
1013 3750 1128 3822 quidem
1154 3765 1211 3807 non
1236 3755 1281 3807 θεῖ

164 3846 291 3917 dubium,
313 3848 382 3919 quin
401 3847 473 3906 falso
495 3848 532 3906 de
553 3851 608 3907 hac
628 3848 745 3908 fabulae
765 3855 850 3922 parte
869 3847 1086 3908 Goldbacherus
1107 3847 1281 3906 iudicaverit

164 3946 252 4015 atque
272 3961 330 4002 non
352 3945 517 4018 ,Lucienus‘
539 3946 678 4004 hocloco
699 3950 808 4004 fontem
829 3945 985 4004 mutaverit
1010 3946 1061 4004 sed
1081 3944 1233 4019 Apuleius.

245 4041 347 4114 Neque
383 4044 478 4114 magis
512 4044 547 4101 de
579 4045 768 4102 Aristomenis
803 4044 902 4101 fabula
932 4041 1133 4102 Goldbachcro
1165 4059 1281 4116 possum
