2902 4702
610 361 830 424 „34-

164 571 219 627 ego
240 554 355 624 quidem
376 554 507 611 hebetior
528 569 599 621 sum,
622 568 706 623 quarn
727 557 759 610 ut
780 553 956 625 intellegam,
978 569 1071 624 neque
1092 553 1181 611 aliter
1201 555 1278 613 hauc

164 650 338 710 sententiam
362 650 498 723 expedire
518 666 646 722 possum.
678 649 735 707 nisi
759 654 793 707 ut
813 651 953 709 coniciam
974 654 1040 724 post
1060 666 1159 708 vocem
1179 653 1278 709 παλαι-

165 748 278 822 σμάτων
292 750 410 806 verbum
425 747 565 805 excidisse
578 747 664 818 quale
685 745 811 823 διήγομεν
832 747 879 806 vel
899 748 1001 806 simile.
1033 747 1191 821 Excipiunt
1205 749 1278 808 haec

163 846 254 904 verba
275 843 320 903 καὶ
340 842 373 920 ἦν
394 843 483 919 πολλὴ
505 842 555 918 μὲν
577 842 605 900 ἐν
626 841 714 918 τούτῳ
735 842 830 920 τρυφή.
863 842 922 902 Ubi
936 844 1137 903 molestissime
1151 851 1197 903 est
1209 861 1280 918 par·

165 943 255 999 ticula
274 941 324 1016 μέν
345 942 449 1013 posita,
471 955 536 998 cum
554 941 673 1008 nonsit,
695 939 771 1011 quod
785 940 813 997 ei
826 940 1008 1012 respondeat.
1041 939 1130 999 Cuius
1143 943 1188 1000 rei
1202 941 1282 1001 aliud

165 1039 326 1110 exemplum
347 1053 434 1094 unum
454 1042 515 1094 toto
536 1036 591 1094 hoe
610 1036 708 1094 libello
731 1036 856 1094 occurrit
875 1037 906 1093 in
927 1038 1023 1110 capite
1036 1039 1073 1095 12
1094 1037 1152 1115 ὁρῶ
1173 1035 1281 1115 ούντὴν

166 1135 216 1209 μὲν
241 1137 354 1210 γυναῖκα
375 1132 574 1210 ἀπυδυομένην.
616 1133 717 1204 Neque
737 1133 906 1192 incredibile
926 1139 984 1203 est,
1016 1135 1092 1204 qued
1113 1135 1283 1194 Hereherue

167 1231 330 1307 coniecit¹)‚
352 1232 393 1290 ibi
414 1231 639 1303 interpolatione
660 1235 754 1289 ortam
769 1247 831 1289 esse
846 1247 908 1290 eam
922 1231 1104 1303 particulam.
1144 1231 1283 1303 Sequitur

167 1328 237 1386 ὥστε
251 1333 300 1405 τῆς
315 1328 352 1391 εἰς
365 1328 414 1403 τὴν
429 1326 566 1404 Λάρισσαν
581 1327 645 1385 ύδυῦ
660 1327 826 1386 παντάπασιν
841 1327 1031 1403 ἐπιλελήσμην.
1065 1329 1283 1388 Verumtamen

167 1427 333 1498 priusquam
346 1425 454 1483 Lucius
468 1425 582 1483 Fotidis
602 1441 699 1483 amore
721 1425 846 1484 omniurn
860 1425 983 1483 aliarum
992 1440 1093 1484 rernm
1108 1426 1284 1485 oblivionem

167 1523 297 1596 cepisset,
319 1539 378 1580 nou
397 1522 429 1578 id
448 1522 571 1580 maxime
592 1528 700 1594 egerat,
721 1528 754 1580 ut
773 1522 920 1581 Larissam
940 1538 1024 1594 qnam
1046 1523 1197 1582 celerrime
1217 1541 1284 1597 pro·

169 1618 353 1691 ficisceretur,
376 1619 428 1677 sed
448 1623 481 1676 ut
493 1619 623 1691 Hypatis
643 1635 704 1677 rem
726 1620 853 1691 aliquam
873 1621 1015 1692 magicam
1031 1620 1241 1695 conspiceret²)
1255 1626 1285 1679 et

170 1718 207 1776 ob
228 1719 304 1774 hane
325 1717 414 1775 solam
436 1731 551 1775 causam
572 1715 686 1774 omnino
708 1717 822 1775 Fotidis
842 1733 968 1775 amorem
989 1718 1144 1790 petiverat.
1189 1718 1286 1789 Quare

169 1817 194 1874 si
225 1816 304 1874 illius
336 1815 441 1873 amoris
468 1814 665 1888 voluptatibus
685 1831 738 1887 per
758 1814 849 1871 multa
870 1814 968 1886 capita
988 1814 1143 1887 descriptis
1164 1814 1286 1873 Lucium

171 1913 295 1984 scriptor
315 1912 479 1984 significare
499 1913 591 1970 uoluit
611 1912 682 1970 adeo
705 1911 877 1970 delectatum
891 1927 960 1982 esse,
981 1918 1015 1971 ut
1028 1911 1287 1971 omniaoblivisce-

169 2013 264 2077 retur,
296 2025 370 2079 quae
401 2014 556 2086 praeterea
575 2008 670 2067 facere
692 2015 780 2067 antea
800 2010 830 2066 in
850 2010 945 2067 animo
967 2010 1129 2078 habuisset,
1150 2025 1208 2067 nou
1228 2008 1287 2066 iter

170 2106 341 2164 Larissense
372 2105 399 2163 ei
430 2105 708 2164 commemorandum
739 2110 804 2163 erat
828 2106 858 2163 in
878 2107 933 2164 hoc
953 2110 1105 2172 contextu,
1140 2106 1191 2164 sed
1211 2106 1288 2178 quod

171 2202 261 2260 multo
282 2203 399 2274 propius
420 2207 493 2272 erat,
515 2204 646 2275 magicae
668 2204 789 2261 alicuius
809 2204 853 2261 rei
873 2202 1016 2261 videndae
1030 2203 1182 2261 consilium
1196 2208 1284 2276 atque

172 2299 226 2357 nisi
246 2299 301 2357 hoo
322 2304 390 2357 aute
410 2299 501 2357 allato
522 2301 594 2357 illud
614 2306 694 2358 recte
716 2300 836 2371 adiungi
857 2316 915 2358 non
929 2302 1034 2373 potuit.
1066 2300 1126 2359 Sed
1140 2301 1290 2359 videamus

173 2397 303 2468 proxima
324 2395 371 2454 καί
389 2418 456 2454 ποτε
477 2395 521 2454 ἐπὶ
541 2398 604 2453 νοῦν
625 2418 671 2470 μοι
692 2394 770 2472 ἦλθε.
803 2396 877 2467 Quid
898 2399 924 2456 ei
945 2397 1102 2470 aliquando
1120 2399 1151 2455 in
1164 2402 1290 2456 mentem

246 2546 267 2613 ¹)
286 2544 406 2599 Hermae
424 2545 477 2599 vol.
496 2543 549 2599 VII
569 2545 645 2599 1873.

244 2635 265 2698 ²)
288 2632 420 2689 Conferas
453 2651 498 2702 ea,
527 2650 599 2704 quae
628 2633 752 2689 exhibita
775 2635 886 2689 suntin
904 2634 959 2688 fine
978 2634 1077 2703 capitis
1096 2632 1173 2689 tertii
1190 2629 1292 2706 Ἄπειμι

174 2723 229 2794 μέν,
247 2720 319 2794 ἔφην,
340 2719 374 2783 εἷς
386 2721 526 2794 Λάρισσαν,
547 2721 616 2775 ἔοικα
635 2721 662 2774 δὲ
683 2721 794 2775 ἐνταῦθα
813 2719 951 2794 deceptorem
970 2727 1048 2794 τριῶν
1062 2722 1078 2795 ἢ
1092 2723 1165 2774 πέντε
1179 2721 1290 2793 ἡμερῶν.

174 2809 242 2863 ἀλλὰ
260 2815 335 2863 τοῦτο
364 2809 408 2882 μὲν
428 2810 458 2883 ῆν
478 2811 578 2883 σκῆψις·
597 2809 738 2883 ἐπεθύμουν
767 2809 793 2863 δέ
818 2809 917 2882 σφόδρα
937 2808 1023 2881 μείνας
1052 2807 1162 2862 ἐνταῦθα
1183 2807 1291 2880 ἐξευρεῖν

173 2910 229 2951 τινα
256 2902 308 2949 zoe
337 2897 450 2970 μαγεύειν
475 2899 646 2970 ἐπισταμένων
677 2903 798 2971 γυναικῶν
826 2890 868 2950 καὶ
886 2894 1033 2950 θεάσασθαί
1048 2912 1072 2949 τι
1090 2895 1244 2968 παράδοξον,
1273 2895 1289 2966 ἢ

56 3049 60 3056 ⁴
174 2985 310 3058 πετόμενον
331 2985 464 3058 ἄνθρωπον
483 2985 671 3057 attemperes.
698 2986 822 3056 Dignum
831 2988 875 3041 est
886 2987 985 3041 notatu
996 2984 1070 3040 hunc
1081 2999 1192 3054 quoque
1201 2983 1292 3037 locum

176 3074 212 3130 ab
231 3075 392 3143 excerptore
411 3072 504 3128 labem
523 3074 638 3143 cepisse.
668 3074 766 3129 Verbis
780 3075 853 3129 enim
867 3072 934 3126 ἀλλὰ
945 3078 1020 3126 τοῦτο
1034 3070 1077 3144 μὲν
1090 3072 1121 3144 ἡν
1135 3072 1225 3143 σκῆψις
1238 3071 1293 3126 cla-

176 3163 286 3217 rissime
315 3161 486 3231 significatur
512 3163 542 3216 in
567 3162 748 3231 praecedenti
770 3162 849 3218 Lucii
875 3177 1010 3232 responso
1028 3161 1108 3216 illum
1125 3176 1183 3215 non
1200 3175 1296 3214 veram

177 3266 257 3306 suam
281 3251 451 3306 sententiam
475 3249 599 3320 prolerre
624 3250 674 3306 sed
693 3250 756 3306 falsi
775 3252 842 3322 quid
860 3250 1053 3322 praetendere.
1081 3249 1169 3320 Atqui
1187 3264 1297 3325 compa-

179 3343 241 3395 rato
262 3340 355 3409 capite
369 3342 400 3393 11
416 3342 534 3409 apparet
551 3356 667 3409 prorsus
686 3341 757 3395 nihil
775 3340 913 3396 mendacii
931 3341 962 3395 in
981 3356 1013 3395 eo
1032 3339 1134 3394 inesse.
1165 3337 1260 3409 Atque
1273 3337 1297 3392 si

178 3443 276 3482 verum
295 3428 415 3499 quaeris,
434 3426 489 3481 duo
508 3427 558 3480 illa
576 3428 722 3484 enuntiata
741 3429 901 3484 simulatam
918 3444 1070 3498 veramque
1088 3427 1167 3483 Lucii
1186 3427 1297 3480 senten-

178 3516 248 3572 tiam
276 3515 448 3571 declarantia
472 3516 583 3570 omnino
607 3516 685 3571 nulla
703 3534 734 3571 re
752 3519 826 3572 inter
844 3534 875 3573 se
894 3518 1024 3588 opposita
1042 3518 1116 3572 sunt.
1154 3515 1300 3570 Pertinent

180 3605 254 3659 enim
273 3604 309 3660 ad
327 3619 441 3673 prorsus
460 3603 584 3658 diversas
603 3620 663 3676 res,
691 3621 755 3660 cum
778 3607 855 3676 prius
874 3607 945 3660 nihil
964 3605 1063 3660 afferat
1080 3605 1135 3659 nisi
1154 3595 1300 3658 eonsilium

179 3692 260 3748 Lucii
278 3693 398 3763 Hypatis
417 3692 565 3747 nonnullos
585 3692 644 3748 dies
664 3694 862 3765 commorandi,
881 3695 1020 3765 posterius
1041 3695 1138 3748 contra
1156 3690 1227 3746 illud
1236 3707 1299 3746 con-

181 3781 275 3835 silium
303 3781 403 3836 leviter
429 3783 539 3836 tantum
565 3783 683 3851 tangens
712 3783 804 3838 verbis
833 3783 918 3856 μείνας
944 3781 1053 3835 ἐνταῦθα
1076 3797 1189 3837 causam
1206 3795 1301 3834 veram

182 3867 323 3939 ἐπεθύμουν
343 3869 371 3921 δι’
389 3870 444 3926 κτλ.
465 3871 561 3939 aperte
575 3870 705 3927 declaret.
734 3871 816 3928 Patet
828 3872 914 3940 igitur
932 3873 962 3926 in
983 3872 1077 3941 priore
1092 3884 1203 3942 quoque
1214 3867 1301 3922 talem

183 3972 297 4012 caueam
316 3958 476 4013 simulatam
494 3962 587 4013 tamen
606 3961 635 4013 et
653 3960 781 4029 sequenti
801 3960 959 4030 oppositam
974 3958 1137 4027 desiderari,
1158 3973 1229 4028 qnae
1241 3954 1301 4010 sino

185 4043 270 4100 dubio
290 4049 355 4114 poet
373 4046 458 4101 verba
478 4048 549 4098 πέντε
569 4047 672 4119 ἡμερῶν
691 4049 798 4103 inserta
815 4048 875 4104 fuit.
