2902 4702
616 363 835 427 „52-

168 557 256 630 Fugit
276 559 353 617 enim
373 557 451 630 apud
471 558 552 616 illum
566 557 627 615 sina
643 561 723 616 certa
738 573 824 614 causa
839 557 936 614 asinus
950 555 986 614 de
1000 556 1117 613 theatro
1132 555 1284 616 Corinthio

170 654 339 727 Cenchreas,
362 656 459 726 ibique
481 671 544 712 cum
565 656 651 713 lunae
672 655 771 712 orbem
791 651 911 712 marinis
930 653 1065 711 fluctibus
1087 660 1285 725 emergentem

169 752 301 822 vidisset,
334 753 416 811 deam
442 752 524 810 illam
549 753 685 810 invocare
709 751 826 820 statuit,
853 756 886 809 ut
911 751 975 809 dira
996 751 1189 822 quadrupedis
1210 749 1284 810 facie

168 851 285 922 repulsa
306 867 336 908 se
357 851 448 908 Lucio
470 866 521 907 suo
541 845 660 908 reddat'
683 848 743 907 Per
763 865 892 906 somnum
912 849 967 906 Isis
981 848 1044 920 ipsa
1056 849 1148 906 Lucio
1163 855 1285 921 apparet

168 962 254 1017 seque
286 946 432 1004 sacerdoti
459 963 520 1015 suo,
546 952 579 1003 ut
599 946 730 1018 proximo
757 945 803 1003 die
829 946 859 1003 iu
885 962 991 1018 pompa
1017 961 1151 1002 coronam
1171 962 1284 1004 roseam

169 1045 279 1115 gestet,
306 1044 513 1117 imperaturam
539 1059 600 1101 esse
626 1043 779 1115 promittit.
823 1043 912 1100 Fiunt
933 1042 1029 1101 omnia
1050 1042 1123 1100 sicut
1144 1041 1199 1100 dea
1218 1045 1284 1114 pro·

173 1141 301 1210 miserat,
332 1141 507 1199 reformatur
528 1140 636 1198 Lucius
656 1145 795 1212 gratoque
816 1140 910 1198 animo
932 1144 1025 1197 totam
1038 1138 1179 1210 reliquam
1193 1140 1284 1198 vitam

168 1238 224 1295 soli
243 1238 329 1296 Isidis
351 1238 509 1296 ministerio
529 1238 695 1310 impendere
717 1237 876 1295 coustituit.
915 1236 985 1294 Inde
1006 1252 1147 1307 nusquam
1162 1235 1198 1295 de
1212 1236 1283 1295 deae

167 1334 322 1393 simulacro
345 1334 505 1407 digreditur
526 1340 556 1393 et
577 1351 594 1392 a
615 1333 764 1392 sacerdote
784 1333 925 1406 primario
940 1333 1023 1390 enixa
1037 1337 1130 1404 rogat,
1152 1337 1284 1404 utquam

168 1433 317 1490 celerrime
337 1432 423 1490 Isidis
443 1432 589 1504 mysteriis
615 1432 753 1490 initiatur.
796 1432 910 1502 Quare
932 1436 1052 1503 peracta
1074 1431 1195 1487 Romam
1215 1446 1283 1502 pro·
1308 1434 1311 1442 '

167 1529 260 1587 fectus
281 1529 404 1588 Osiridis
430 1546 542 1601 quoque
568 1529 659 1600 orgiis
684 1522 847 1587 illustratur
873 1533 903 1585 et
930 1528 1028 1600 paullo
1049 1532 1117 1599 post
1137 1527 1167 1585 in
1187 1526 1281 1600 ipsum

168 1627 374 1698 pastophorum
396 1627 551 1698 collegium
572 1627 725 1699 adlegitur.

247 1723 430 1782 Censuerunt
451 1725 581 1782 nonnulli
601 1725 658 1782 viri
679 1724 758 1782 docti
782 1729 816 1781 ut
836 1723 1056 1782 Goldbacherus
1071 1728 1111 1781 et
1127 1723 1281 1795 Diltheyus

170 1823 245 1880 hanc
258 1823 364 1894 Apulei
386 1824 582 1880 narrationem
602 1823 747 1894 integram
767 1821 881 1880 fabulae
896 1821 1017 1880 formam
1031 1821 1114 1879 nobis
1128 1820 1278 1880 ostendere

170 1935 260 1991 eaque
280 1924 393 1978 resecta
412 1918 500 1978 Asini
521 1919 739 1992 epitomatorem
760 1919 849 1976 alium
869 1919 977 1976 exitum
1000 1917 1036 1976 da
1057 1934 1108 1975 suo
1130 1918 1280 1977 adiecisse.

167 2018 246 2088 Quae
267 2018 410 2076 sententia
429 2035 547 2090 prorsus
569 2018 640 2076 mihi
659 2017 775 2075 videtur
797 2016 943 2074 reicienda
964 2032 1037 2076 asse.
1078 2015 1178 2087 Neque
1205 2016 1281 2073 euim

170 2116 282 2174 omnino
304 2122 504 2187 excerptorum
518 2133 580 2173 mos
595 2120 640 2173 est
654 2116 781 2188 partium
796 2114 964 2172 emissarum
978 2114 1041 2171 loco
1057 2113 1129 2170 alias
1143 2113 1279 2184 inserere,

167 2228 260 2283 neque
290 2214 350 2271 tale
381 2213 448 2284 quid
475 2214 640 2286 exspectari
664 2217 761 2284 potest
787 2212 821 2269 de
847 2211 934 2269 Asini
961 2210 1165 2282 epitomatora,
1197 2227 1280 2282 quem

167 2308 272 2379 ubique
303 2310 346 2366 ita
378 2326 409 2368 se
440 2311 563 2381 gessisse
595 2309 733 2378 vidimus,
765 2313 798 2364 ut
824 2325 892 2366 sane
919 2308 1023 2365 multas
1043 2306 1161 2365 fabulae
1181 2312 1282 2379 partes

168 2406 291 2464 maiores
304 2407 430 2489 minores
449 2407 602 2476 recideret,
625 2405 675 2464 sed
695 2405 807 2476 reliqua
828 2405 871 2462 ita
892 2410 924 2461 ut
946 2410 1030 2462 eraut
1049 2404 1280 2475 transscriberet‚
1393 2464 1398 2474 ,

167 2520 252 2577 saepe
282 2522 318 2563 ne
350 2506 392 2564 eis
414 2505 528 2577 quidem
553 2491 688 2575 mutatis,
721 2520 793 2575 quae
819 2503 963 2577 prioribus
988 2502 1089 2561 recisis
1113 2501 1278 2559 necessario

166 2603 272 2661 mutari
298 2603 466 2661 debuerunt.
508 2601 573 2675 Qua
593 2602 656 2659 sola
676 2602 737 2658 eins
758 2600 963 2658 consuetudine
984 2598 1068 2657 nobis
1088 2599 1225 2671 contigit,
1248 2604 1280 2656 ut

166 2699 290 2757 Asinum
312 2700 457 2772 epitomen
478 2716 540 2757 esse
561 2697 643 2757 firme
665 2699 863 2756 demonstrare
877 2712 1033 2776 possemus.
1062 2696 1107 2754 At
1121 2697 1278 2768 Apuleium

164 2799 275 2871 amplas
288 2798 463 2855 narrationis
477 2801 578 2869 partes
593 2797 628 2869 da
649 2812 700 2853 suo
721 2795 862 2852 adiecisse
880 2793 1032 2867 permultis
1043 2795 1117 2852 locis
1132 2793 1278 2865 cognitum

165 2900 218 2953 est.
254 2895 342 2952 Patet
362 2895 451 2966 igitur
472 2899 535 2951 tota
554 2895 695 2951 librorum
708 2892 804 2950 indole
820 2897 848 2950 et
863 2892 1070 2965 compositione
1086 2890 1279 2949 Goldbacheri

165 2992 337 3049 sententiam
358 2971 429 3049 reici
452 2992 683 3062 contrariamque
704 2989 906 3048 commendari.

245 3089 325 3160 Quod
345 3089 455 3161 optime
470 3089 671 3161 comprobatur
684 3089 756 3161 ipsis
770 3088 873 3145 harum
888 3087 1066 3171 diversarum
1082 3084 1277 3144 narrationum

165 3187 351 3256 argumentis.
380 3187 523 3258 Apertum
544 3187 620 3244 enim
641 3191 686 3244 est
706 3186 780 3244 asini
801 3185 918 3253 exitum,
940 3184 1011 3242 licet
1024 3183 1095 3241 locis
1110 3182 1278 3255 quibusdam

163 3283 314 3341 mutilatus
335 3285 381 3356 sit,
405 3288 435 3341 et
456 3289 627 3356 argumento
649 3288 679 3341 et
698 3281 834 3340 narrandi
848 3282 962 3339 ratione
978 3297 1043 3338 cum
1056 3280 1168 3352 reliqua
1180 3278 1278 3336 fabula

164 3381 280 3452 egregia
306 3381 456 3438 concinere
488 3385 519 3436 et
543 3380 573 3437 in
598 3379 699 3451 primis
724 3394 759 3436 ea
784 3379 907 3449 quaein
928 3394 990 3449 cap.
1014 3377 1051 3435 56
1072 3380 1192 3435 narrata
1212 3379 1278 3433 suut

163 3477 268 3550 capitis
289 3478 323 3536 51
347 3476 580 3534 narratiunculae
602 3477 684 3547 quasi
705 3492 870 3533 mucronem
891 3491 964 3534 esse.
1006 3475 1082 3533 Nam
1102 3474 1144 3531 sic
1165 3473 1277 3530 demum
1332 3524 1344 3545 ‚

149 3614 151 3618 r
165 3575 323 3632 coniunctis
337 3575 381 3632 liis
396 3573 506 3631 duobus
521 3572 662 3645 capitibus
676 3573 895 3643 rationibusque
910 3572 1042 3640 diversis,
1057 3572 1160 3642 quibua
1174 3570 1277 3628 mulier

164 3688 235 3742 erga
255 3672 366 3729 asinum
387 3677 417 3729 et
438 3671 581 3729 hominem
594 3671 718 3728 Lucium
738 3687 790 3729 usa
810 3671 857 3741 sit,
877 3669 975 3742 lepide
996 3671 1073 3728 iuter
1093 3685 1124 3728 se
1139 3667 1277 3742 oppositis

165 3768 249 3826 huius
269 3767 394 3826 fabellae
416 3767 566 3825 consilium
587 3772 668 3826 recte
688 3766 871 3838 intellegitur
891 3770 1010 3838 totaque
1029 3768 1091 3825 eius
1104 3765 1200 3824 ironia
1212 3781 1278 3838 per·

169 3865 292 3936 spicitur
306 3881 379 3936 quaa
395 3865 508 3936 quidem
522 3865 607 3923 valde
620 3865 758 3922 minuitur
779 3870 865 3934 atque
880 3862 953 3922 adeo
964 3864 1091 3936 diluitur,
1118 3869 1277 3921 extremum

167 3966 255 4034 caput
280 3963 304 4020 si
326 3963 465 4021 omiseris.
507 3962 615 4021 Contra
636 3962 741 4034 Apulei
772 3962 878 4020 librum
898 3961 1087 4030 undecimum,
1119 3961 1168 4032 qui
1198 3963 1277 4017 totus

163 4059 194 4118 iu
222 4075 254 4117 eo
279 4067 426 4133 versatur,
458 4064 492 4117 ut
523 4060 716 4118 emolumenta
747 4064 777 4116 et
801 4059 930 4130 praemia
954 4059 1158 4132 mysteriorum
1182 4056 1277 4115 animo
