2888 4696
608 365 829 427 ..22-

163 565 216 629 est,
231 566 264 616 ut
278 550 414 618 nonnulla
426 577 488 618 cum
499 559 638 632 proximis
650 559 778 618 adversis
795 558 937 618 frontibus
947 565 1084 631 pugnent.
1122 557 1276 617 Praemisit

163 658 239 714 enim
260 674 322 715 eam
343 658 482 731 Apuleius
504 658 554 727 eis,
580 674 653 729 quae
673 657 803 716 insonte
824 673 875 715 suo
897 657 932 715 de
953 658 1100 715 hortulani
1120 657 1275 728 militisque

165 754 311 813 cuiusdam
337 771 474 814 concursu
496 756 586 812 allata
607 759 702 827 erant,
735 760 822 826 atque
842 757 884 813 ita
905 771 968 813 cum
990 757 1031 814 eis
1053 756 1226 822 coniunxit,¹
1244 760 1277 812 ut

164 856 305 921 narraret,
327 852 510 910 hortulanum
532 853 691 924 aliquando,
713 858 747 910 ut
766 853 906 911 rusticum
931 853 1013 910 illum
1033 853 1181 922 visitaret,
1213 869 1277 910 cum

163 950 244 1006 asino
266 966 424 1022 egressum,
457 967 521 1008 cum
541 951 592 1007 ille
612 954 732 1023 propter
759 967 875 1008 saevam
905 950 1051 1008 fortunam
1071 951 1133 1023 ipse
1155 955 1277 1007 mortem

163 1047 220 1105 sibi
241 1047 424 1105 conscivisset
444 1052 523 1105 retro
549 1047 587 1104 ad
607 1048 722 1104 hortum
737 1063 819 1104 snum
840 1048 918 1105 viam
932 1046 1118 1120 capessivisse
1140 1048 1171 1104 in
1185 1063 1276 1118 eaque

164 1160 227 1201 cum
252 1144 344 1202 milite
370 1142 554 1216 congressum
581 1161 650 1202 esse.
703 1145 765 1216 Qua
796 1146 825 1202 in
856 1161 888 1202 re
917 1145 971 1202 boc
995 1161 1112 1216 prorsus
1137 1144 1276 1215 neglexit,

164 1241 239 1312 quod
267 1247 296 1299 et
321 1242 351 1299 in
373 1241 490 1299 Graeco.
510 1247 610 1314 aperto
636 1242 743 1299 dictum
775 1246 839 1299 erat
860 1246 889 1301 et
914 1242 949 1300 ab
976 1243 1037 1314 ipso
1062 1243 1092 1299 in
1117 1243 1277 1301 versionem

158 1326 246 1396 'suam
266 1337 333 1396 inde
354 1340 573 1412 transscriptum
594 1339 694 1398 militis
709 1339 913 1410 hortulaniqne
933 1355 1059 1412 pugnam
1073 1339 1183 1396 iactam
1204 1355 1276 1408 esse,

166 1452 229 1493 cum
251 1436 403 1506 aliquando
424 1436 593 1494 hortulanus
607 1437 643 1494 ab
658 1436 744 1494 horto
765 1452 816 1494 suo
838 1436 868 1493 in
889 1437 989 1494 urbem
1010 1435 1277 1510 proficisceretur.¹)

163 1532 246 1590 Dicit
264 1534 318 1590 boc
336 1533 398 1605 ipse
418 1534 590 1591 hortulanus
609 1535 640 1590 in
661 1534 757 1605 capite
773 1535 809 1591 39
834 1539 953 1605 „potere
973 1550 1003 1592 se
1020 1534 1167 1591 civitatem
1180 1533 1277 1605 proxi·

164 1632 260 1687 mam“
283 1635 369 1702 atque
389 1646 506 1689 revera
525 1630 618 1689 milite
634 1647 769 1703 oppresso
794 1631 923 1698 ,concito
944 1632 1037 1703 gradu
1057 1636 1139 1688 recta
1158 1629 1278 1687 festinat

167 1727 204 1784 ad
227 1727 390 1785 civitatem“
414 1726 491 1801 (cap.
507 1728 569 1803 40).
601 1727 680 1798 Quae
702 1744 765 1784 cum
786 1727 1032 1800 praecedentibus,
1055 1727 1156 1799 quibus
1176 1729 1276 1785 hortu·

164 1825 261 1882 lanum
287 1825 323 1882 ab
344 1824 447 1882 rustici
468 1826 566 1884 casula
585 1829 665 1882 retro
687 1825 724 1882 ad
744 1825 835 1896 ipsius
856 1826 972 1882 bortum
992 1825 1069 1882 viam
1090 1824 1278 1897 capessivisse

165 1923 326 1993 expositum
348 1922 442 1980 estin
464 1922 547 1980 initio
570 1939 634 1995 cap.
656 1923 703 1992 39,
729 1923 772 1980 ita
792 1926 904 1980 tantum
926 1927 1045 1994 possent
1066 1922 1223 1994 conciliari,
1246 1926 1278 1978 ut

163 2034 333 2090 poneremus
364 2018 480 2076 bortum
508 2020 539 2076 in
569 2020 640 2077 urbe
669 2020 735 2092 ipsa
760 2020 846 2076 situm
863 2019 971 2098 inisse.
1016 2019 1098 2092 Quae
1123 2020 1277 2092 explicatio

164 2114 231 2202 inde
244 2131 313 2172 sane
328 2116 520 2174 commendari
535 2117 657 2186 videtur,
680 2118 754 2188 quod
774 2121 839 2189 post
858 2118 947 2176 verba
968 2117 1020 2175 illa
1041 2121 1139 2186 ,recta
1159 2116 1278 2174 festinat

165 2213 203 2272 ad
224 2213 388 2271 civitatem“
411 2215 483 2273 haec
504 2215 714 2286 subsequuntur
737 2231 809 2283 ,neo
829 2215 977 2272 hortulum
997 2231 1079 2272 suum
1104 2217 1208 2272 saltem
1228 2231 1278 2272 cu·

239 2471 261 2541 ¹)
280 2469 382 2539 Incipit
400 2467 475 2538 apud
494 2467 647 2522 Lucianum
669 2466 739 2520 11000
756 2466 881 2520 narratio
909 2465 944 2520 ab
967 2464 1011 2519 his
1034 2465 1126 2519 verbis
1150 2457 1191 2516 ani
1218 2483 1278 2516 ποτε

166 2557 284 2626 ἐξιόντων
305 2557 378 2630 ἡμῶν
399 2557 429 2616 ἐς
453 2553 505 2608 τὸν
524 2563 620 2627 κῆπον
644 2553 784 2627 ἐντυῙχάνεῐ
808 2553 871 2624 ἀνὴρ
894 2556 1003 2626 γενναῖος
1022 2554 1077 2609 κτλ.
1113 2554 1174 2608 10111
1193 2571 1210 2608 0
1229 2552 1277 2608 So·
1342 2540 1346 2547 Ι

163 2647 228 2702 lano
246 2646 421 2702 intellectum
440 2649 494 2713 est,
517 2646 591 2699 hunc
609 2644 701 2699 locum
719 2659 818 2698 sanum
838 2659 899 2697 esse
917 2657 974 2697 non
992 2658 1089 2713 posse,
1112 2659 1175 2698 cnm
1193 2642 1280 2697 verba

166 2737 191 2796 ἐς
211 2734 254 2788 τὸν
274 2742 351 2808 κῆπον
369 2735 560 2804 repugnarent
578 2733 768 2803 sequentibus,
788 2732 888 2802 quibus
902 2731 1082 2787 hortulanum
1099 2732 1187 2787 milite
1205 2732 1279 2786 male

164 2824 287 2879 mulcato
306 2825 405 2879 urbem
422 2823 555 2893 petivisse
573 2824 704 2876 narratur
723 2823 763 2887 (in
782 2821 858 2875 exitu
877 2837 935 2891 cap.
949 2823 1014 2890 44.).
1044 2820 1112 2875 Inde
1131 2820 1279 2876 Gourierns

165 2929 216 2982 pro
234 2912 326 2966 verbis
349 2911 406 2965 illis
425 2910 631 2966 restituendum
649 2927 711 2965 0000
731 2911 848 2965 coniecit
867 2909 893 2969 ἐς
915 2909 961 2979 τὴν
984 2908 1065 2978 πόλιν,
1091 2925 1205 2978 prorsus
1226 2909 1279 2961 im·

163 2999 355 3068 probabiliter,
375 3014 438 3052 011111
450 3015 467 3052 0
478 2998 571 3053 verbis
583 2997 693 3053 traditis
707 3014 741 3052 ca
757 2999 839 3052 nimis
859 2998 972 3053 distent.
999 2998 1134 3052 Maiorem
1152 2997 1278 3065 veritatis

166 3087 288 3157 speciem
306 3087 395 3156 primo
415 3088 531 3156 aspectu
549 3085 685 3140 Hercheri
703 3086 842 3140 sententia
860 3101 928 3155 prae
946 3101 977 3139 se
995 3083 1069 3139 ferre
1086 3083 1205 3151 videtur,
1231 3085 1279 3155 qui

165 3194 198 3232 ea
215 3178 248 3232 ut
265 3177 388 3245 glossam
407 3192 442 3228 01
463 3176 543 3229 textu
562 3173 687 3228 eicienda
706 3173 822 3229 censuit.
857 3172 939 3228 Patet
956 3173 1008 3227 tali
1024 3173 1133 3228 ratione
1152 3172 1279 3227 offensio-

164 3281 229 3319 nem
247 3269 366 3334 prorsus'
379 3264 443 3319 tolli
461 3266 545 3334 atque
565 3262 601 3317 ad
619 3262 705 3317 verba
723 3261 841 3329 ἐξιόντων
854 3263 927 3334 ἡμῶν
947 3263 987 3316 010
1005 3262 1170 3333 simpliciter
1187 3263 1280 3332 posita

166 3354 301 3409 lectorem
319 3353 454 3424 aliquem,
480 3368 600 3423 quonam
624 3351 763 3420 egressuri
782 3354 887 3419 essent,
914 3351 1076 3419 ascripsisse
1099 3350 1179 3405 facile
1197 3366 1281 3420 posse

165 3443 289 3510 cogitari.
326 3441 431 3497 Verum
451 3444 545 3496 tamen
568 3439 750 3496 nullomodo
773 3439 958 3508 intellegitur,
988 3439 1125 3511 quomodo
1154 3440 1215 3511 quis
1244 3440 1279 3495 ad

164 3533 324 3587 contextum
344 3529 540 3600 explicandum
562 3530 631 3584 hacc
653 3529 739 3583 verba
761 3530 896 3583 annotare
923 3528 1047 3598 potuerit
1074 3528 1100 3588 ἐς
1125 3525 1168 3580 τὸν
1192 3535 1279 3598 κῆπον,

164 3637 227 3677 oum
246 3622 274 3675 et
293 3636 328 3674 ex
345 3621 404 3674 toto
423 3620 555 3674 contextu
573 3618 732 3672 necessario
751 3618 916 3673 concludere
934 3619 1013 3672 etex
1031 3618 1079 3687 010,
1099 3635 1171 3688 quae
1184 3618 1280 3673 statim

164 3707 387 3778 subsequuntur,
406 3707 560 3761 'certissime
579 3722 745 3774 cognoscere
769 3705 897 3761 debuerit
923 3705 1103 3761 hortulanum
1129 3708 1197 3761 tunc
1223 3722 1280 3760 non

165 3811 199 3850 01
217 3796 313 3850 0001110
331 3812 382 3850 sua
399 3796 429 3850 in
446 3794 559 3850 hortum
576 3795 662 3848 ivisse
681 3793 731 3848 sed
748 3795 779 3847 in
791 3795 890 3849 urbem
902 3794 1057 3863 proiectum
1070 3809 1140 3849 0000.
1171 3792 1232 3860 Qua
1245 3794 1280 3849 do

164 3899 248 3938 causa
265 3883 401 3938 Heroberi
420 3900 529 3955 quoque
548 3883 716 3938 sententiam
738 3882 908 3937 reiciendam
932 3898 993 3936 esse
1015 3882 1172 3952 putaverim
1195 3884 1279 3953 atque

164 3971 236 4025 hanc
253 3973 346 4040 potius
365 3972 430 4027 huic
448 3973 508 4028 loco
528 3971 667 4026 medelam
686 3970 862 4039 afferendam,
882 3973 914 4024 111
932 3986 983 4039 pro
997 3970 1088 4025 verbis
1103 3970 1129 4029 ἐς
1142 3968 1185 4021 τὸν
1199 3977 1278 4042 κῆπον

161 4059 343 4114 restituamus
363 4060 437 4130 quod
454 4062 580 4130 proxime
599 4061 679 4115 abest
697 4060 723 4111 ἐκ
742 4063 787 4112 τοῦ
807 4060 896 4130 κήπου.
