2902 4702
617 364 836 428 „45-

168 556 284 616 fecisset
294 557 371 617 VIII
385 562 409 631 l,
435 557 503 627 ,sed
526 562 559 615 ut
569 563 673 617 cuneta
683 556 795 627 noritis,
816 557 943 616 referam
956 558 1038 617 vobis
1051 573 1069 615 a
1084 557 1187 630 capite,
1211 574 1284 630 quae

167 661 249 728 gesta
269 660 345 726 sunt,
366 672 495 728 quaeque
516 660 635 728 possent
655 656 758 714 merito
781 654 934 722 doctiores,
956 655 1058 727 quibus
1072 655 1155 713 stilos
1168 653 1286 714 fortuna

168 752 377 821 subministrat,
398 753 428 810 in
449 752 589 811 historiae
610 754 753 825 specimen
772 750 881 810 chartis
894 752 1068 812 involvere.“
1101 753 1204 823 Qualia
1218 770 1284 812 eum

167 850 356 922 praemittere
387 852 482 910 solere
513 851 559 908 vel
590 850 721 909 subicere
753 850 808 917 eis,
842 865 916 920 quae
948 850 1064 908 aliunde
1096 850 1283 910 delibavisset
1317 897 1321 906 .

168 947 314 1021 (conferas
335 949 433 1021 capita
455 947 497 1005 VI
519 948 566 1017 25,
589 944 631 1004 lX
652 947 681 1016 4,
702 945 734 1005 Χ
756 946 798 1021 2).
842 946 918 1017 Quas
949 947 984 1002 ob
1016 962 1117 1005 causas
1138 947 1284 1006 Graecam

168 1044 312 1116 ,Luciaui‘
335 1045 545 1115 narrationem,
579 1043 691 1102 etiamsi
722 1059 770 1101 res
793 1043 980 1114 gravissimas
1005 1043 1120 1100 brevius
1140 1049 1282 1114 narraret,

168 1151 265 1198 tamen
296 1158 349 1213 pro
380 1142 520 1214 primaria
544 1140 703 1198 habendam
725 1156 795 1198 esse.
838 1141 918 1198 Haec
938 1141 1009 1198 satis
1029 1138 1152 1198 fuissent
1172 1141 1208 1199 de
1228 1141 1284 1200 hoc

167 1239 240 1305 loco,
263 1238 319 1296 nisi
339 1255 458 1312 prorsus
478 1254 581 1296 nouam
602 1240 777 1297 sententiam
799 1237 834 1296 de
856 1254 889 1297 eo
910 1238 1080 1311 protulisset
1092 1238 1233 1296 Maassius
1254 1238 1284 1296 in

169 1336 410 1394 commentatione
445 1335 534 1393 indici
569 1335 731 1393 scholarum
764 1334 924 1407 Grypbisw.
954 1332 1081 1399 1886l87
1118 1335 1284 1392 habitarum

167 1432 325 1504 praemissa
354 1450 382 1504 p.
404 1431 478 1491 XIV
509 1433 657 1491 11111112.
714 1431 820 1490 Censet
851 1432 927 1490 enim
951 1432 998 1489 uir
1016 1432 1068 1490 ille
1098 1431 1281 1490 doctissimus

169 1530 264 1587 omnia
284 1530 348 1600 illa,
381 1546 455 1600 qnae
475 1530 616 1602 Apuleius
638 1529 674 1587 de
696 1529 834 1588 Charitae
854 1529 1070 1601 Tlepolemique
1090 1527 1213 1588 fortunis
1235 1545 1284 1587 ex·

168 1632 257 1699 ponat
277 1627 321 1687 IV
342 1628 469 1698 23-26,
492 1628 548 1685 VII
572 1628 678 1699 1-12‚
701 1627 774 1684 VIII
792 1628 897 1698 1-14,
920 1626 1065 1685 artissime
1086 1626 1283 1698 coniungenda

167 1739 229 1782 esse
251 1729 281 1782 et
302 1741 354 1797 pro
376 1743 434 1784 una
453 1725 562 1784 fabella
582 1724 723 1797 habenda,
747 1740 820 1796 quae
842 1723 991 1795 Euripidis
1011 1723 1167 1782 Protesilai
1187 1723 1283 1780 imita·

166 1822 273 1879 tionem
304 1823 464 1881 clarissime
495 1827 643 1890 ostendat;
676 1827 765 1893 atque
797 1821 931 1893 quoniam
952 1820 1100 1878 exordium
1120 1819 1204 1878 huius
1224 1820 1281 1877 loci

167 1933 255 1991 supra
276 1919 397 1976 allatum
418 1919 578 1977 certissime
600 1923 706 1990 arguat
737 1917 893 1990 Apuleium
919 1917 1050 1988 proxima
1076 1915 1111 1974 de
1132 1932 1183 1974 suo
1208 1932 1301 1987 penu,

167 2016 320 2085 addidisse,
343 2020 433 2073 totam
454 2015 582 2073 fabulam
603 2015 639 2072 ab
660 2015 723 2087 ipso
744 2014 871 2087 Apuleio
893 2013 1084 2086 conscriptam
1105 2029 1167 2071 esse
1187 2013 1283 2070 illum·

167 2129 222 2185 que
244 2114 336 2185 ipsum
357 2129 375 2171 a
396 2113 545 2180 ,Luciano‘
567 2118 738 2185 respectum.

246 2210 336 2267 Patet
356 2210 449 2282 primo
472 2214 590 2281 aspectu
622 2210 696 2268 hanc
728 2208 901 2268 sententiam
921 2208 1135 2281 probabilitatis
1157 2206 1282 2279 speciem

167 2323 225 2365 non
246 2322 379 2378 magnam
401 2323 471 2378 prae
493 2323 524 2364 se
545 2305 630 2365 ferre.
666 2307 768 2378 Neque
790 2306 866 2365 enim
888 2307 1020 2377 cuiquam
1042 2305 1179 2364 credibile
1199 2305 1281 2363 vide-

166 2404 246 2462 bitur
276 2409 369 2462 totam
399 2405 473 2463 banc
503 2404 638 2464 fabulam·
657 2405 692 2463 de
714 2403 836 2463 Obarita
856 2404 955 2477 puella
976 2421 993 2461 a
1013 2404 1174 2462 latronibus
1196 2408 1282 2476 capta

166 2507 322 2573 narratam,
344 2518 418 2574 quae
439 2519 545 2574 magna
566 2519 602 2560 ex
623 2507 707 2574 parte
728 2519 792 2561 cum
813 2502 887 2559 asini
902 2501 1014 2560 casibus
1028 2505 1087 2558 tam
1101 2506 1166 2559 arte
1180 2502 1281 2559 cohae-

166 2603 239 2667 reat,
260 2603 294 2656 ut
314 2601 371 2658 nisi
391 2616 455 2657 cum
476 2600 600 2658 maximo
622 2600 712 2657 totius
731 2600 870 2657 historiae
894 2598 1073 2657 incommodo
1087 2598 1212 2655 resecari
1225 2612 1282 2653 non

166 2693 297 2768 possit1),
319 2695 349 2751 in
369 2696 507 2767 primaria
530 2695 606 2768 apud
619 2696 740 2754 Lucium
754 2696 922 2754 Patrensem
937 2695 1031 2753 forma
1046 2694 1179 2752 omissam
1193 2694 1281 2752 fuisse

167 2795 197 2849 et
223 2796 326 2862 postea
351 2792 463 2851 demum
485 2793 522 2850 ab
543 2793 753 2865 amplificatore
774 2793 947 2862 adiunctam,
969 2793 1018 2863 qui
1039 2792 1111 2850 alius
1132 2791 1282 2863 scriptoris

167 2906 238 2962 opus
269 2891 354 2949 rebus
385 2890 488 2948 alienis
519 2890 656 2949 admixtis
677 2890 823 2950 dilataret.
864 2889 1001 2963 Accedit,
1033 2889 1109 2961 quod
1130 2888 1280 2962 Maassius,

167 3004 231 3046 cum
262 2994 341 3046 reete
367 2988 556 3046 intellexisset
588 2988 706 3047 exordio
738 2988 788 3046 illo
815 2987 967 3060 Apuleium
988 2988 1081 3060 ipsum
1102 2986 1279 3060 significasse

166 3102 197 3143 se
220 3086 278 3142 iam
298 3086 335 3142 ab
357 3085 531 3157 exemplaris
551 3085 679 3158 vestigiis
701 3085 849 3152 decedere,
872 3085 1057 3143 artificiosius
1077 3085 1143 3144 inde
1165 3084 1277 3143 conclu-

166 3181 213 3251 sit,
235 3195 421 3252 quaecnnque
443 3182 479 3240 de
500 3180 638 3241 Obaritae
659 3183 785 3241 sortibus
805 3186 959 3240 narrentur
980 3181 1016 3239 ab
1037 3179 1163 3252 Apuleio
1184 3180 1277 3253 primo

166 3280 196 3337 in
226 3278 301 3337 hanc
332 3279 462 3338 fabulam
494 3282 604 3339 inserta
635 3297 705 3339 esse.
748 3280 842 3338 Multo
864 3278 1021 3352 simplicius
1042 3294 1110 3336 sane
1131 3277 1278 3348 multoque

166 3377 343 3448 probabilius
374 3378 442 3436 inde
474 3377 588 3436 efficere
617 3378 724 3450 potuit,
756 3377 832 3449 quod
860 3393 958 3434 omnes
978 3376 1091 3448 priores
1122 3375 1280 3432 effecerunt
1306 3424 1309 3429 ,

166 3472 338 3545 Apuleium,
372 3490 435 3532 cum
461 3475 492 3532 in
512 3473 750 3546 praecedentibus
770 3473 880 3531 fontem
911 3488 991 3531 suum
1024 3475 1178 3539 servasset,
1205 3470 1281 3528 inse·

167 3573 301 3639 quentem
322 3566 450 3627 fabulam
470 3570 586 3627 allunde
607 3569 781 3629 adiunxisse.
812 3571 908 3642 Atque
928 3570 1005 3629 omni
1018 3571 1073 3628 hac
1087 3568 1279 3642 dIsputatione

166 3665 327 3725 firmissime
359 3668 584 3727 demonstratum
616 3674 661 3727 est
690 3668 784 3727 Asino
816 3669 979 3742 ,1111111111ι
1001 3667 1166 3741 Apuleique
1186 3664 1279 3722 Meta·

166 3764 365 3838 morphosibus
397 3770 530 3823 accurate
563 3765 736 3838 comparatis
772 3766 913 3824 nemiuem
943 3765 1003 3823 iam
1028 3763 1161 3823 dubitare
1186 3779 1278 3836 posse,

238 3986 258 4054 ¹)
278 3985 413 4055 respicias
431 3984 462 4039 in
480 3984 578 4053 primis
599 3984 671 4039 asini
688 3984 860 4055 virginisque
878 3983 974 4055 fugam
993 3998 1166 4040 communem
1184 3984 1213 4037 et
1230 3998 1279 4051 pu·

166 4073 279 4129 nitionis
299 4074 452 4130 communis
470 4073 572 4127 mirum
589 4072 730 4128 latronum
748 4072 902 4128 consilium.
