2902 4702
616 381 836 444 ..57-

246 574 293 633 De
324 574 421 632 colore
449 578 479 631 et
504 572 607 630 habitu
631 572 807 629 narrationis
832 572 890 629 iam
916 571 964 628 vix
995 570 1144 641 quisquam
1174 567 1284 643 poterit

168 672 313 743 dubitare,
341 670 411 741 quin
432 685 467 727 ee
493 668 594 726 eedem
620 669 733 727 ratione
759 668 923 740 perscripta
950 667 1040 725 fuerit
1066 672 1152 739 etque
1172 665 1283 724 Asinus

168 769 362 839 ‚Lucianeus‘,
394 767 491 824 iocosa
521 766 573 823 illa
599 771 628 823 11
658 765 769 823 ironica
795 769 824 823 et
849 764 1097 837 aposterioribus
1120 762 1284 822 fabularum

165 865 391 925 Romanensium
418 862 607 935 scriptoribus
632 862 837 920 diversissima.
879 862 907 919 A
929 878 1050 934 qnorum
1076 861 1282 921 consuetudine

166 980 200 1022 eo
227 978 339 1034 quoque
364 977 485 1033 prorsus
511 960 661 1032 abhorret,
694 959 770 1031 quod
794 958 910 1018 fastidit
941 975 1039 1016 omnes
1070 959 1283 1032 descriptiones

166 1059 292 1117 tumidas
324 1063 354 1116 et
385 1061 592 1129 exaggeratas,
625 1073 695 1127 quas
720 1057 763 1114 illi
783 1057 814 1112 in
835 1055 947 1114 deliciis
974 1057 1095 1128 habent,
1129 1072 1282 1127 omnesque

165 1174 213 1215 res
239 1156 339 1214 nativa
357 1155 484 1226 quadem
508 1159 609 1212 narrat
628 1154 815 1228 simplicitate
841 1159 870 1212 11
890 1154 1016 1212 veritate
1038 1152 1187 1229 (conferas
1208 1170 1282 1224 quae

167 1269 254 1325 supra
268 1253 388 1323 exposui
403 1252 437 1309 de
451 1252 599 1309 latronum
619 1252 695 1308 vitae
709 1250 926 1326 descriptione).
961 1250 1061 1322 Atque
1076 1251 1149 1309 illud
1170 1267 1282 1323 quoque

167 1350 295 1408 notabile
310 1354 362 1420 est,
378 1348 454 1418 quod
466 1348 553 1405 rebus
567 1348 691 1415 eroticis,
706 1348 737 1405 in
751 1347 853 1418 quibus
867 1348 937 1405 solis
951 1348 1077 1406 omnium
1090 1349 1282 1420 posteriorum

167 1448 282 1506 fabulae
303 1451 461 1518 occupatae
476 1449 549 1516 sunt,
572 1445 719 1502 minimum
737 1445 825 1516 spatii
846 1445 944 1502 datum
958 1449 1011 1516 est,
1035 1460 1142 1516 eaeque
1162 1462 1278 1518 prorsus

167 1544 253 1602 aliter
266 1547 411 1601 tractatae
432 1547 506 1613 sunt,
528 1541 621 1612 magis
642 1541 679 1599 ad
693 1539 825 1600 Petronii
845 1540 865 1599 i.
881 1555 907 1599 e.
922 1540 1088 1598 fabularum
1101 1541 1280 1600 Milesmrum

166 1640 389 1700 similitudinem.

244 1737 339 1809 Ipsius
360 1737 526 1807 argumenti
546 1751 683 1792 summam
701 1740 781 1793 recte
802 1736 966 1808 suspicatus
987 1751 1050 1794 esse
1071 1737 1143 1793 mihi
1162 1737 1278 1795 videtur

117 1834 120 1840 '
164 1835 301 1895 Rohdens
321 1834 410 1909 (Mus.
433 1834 524 1892 Rhen.
546 1833 601 1891 XL
616 1832 748 1906 93-95)
781 1837 930 1891 auctorem
960 1833 1085 1891 traxisse
1113 1849 1148 1890 ex
1179 1831 1279 1892 fabula

167 1933 264 2004 aliqua
297 1931 446 2005 populari,
481 1946 602 2002 querum
622 1931 785 1987 fabularum
818 1929 1051 1988 cousuetudinem
1087 1934 1116 1987 11
1149 1930 1279 1988 habitum

167 2031 229 2104 ipso
252 2046 363 2101 quoque
384 2044 514 2087 sermone
540 2028 650 2085 imitari
670 2028 793 2085 voluisse
822 2027 938 2086 videtur
959 2032 989 2085 et
1011 2027 1046 2084 ob
1074 2043 1138 2084 eam
1165 2044 1281 2087 causam

168 2127 384 2199 simplicitatem
398 2127 541 2197 quandam
556 2131 586 2183 et
607 2124 743 2182 duritiam
756 2125 817 2183 fere
836 2125 987 2183 affectasse
1002 2124 1062 2182 illis
1082 2123 1195 2183 fabellis
1210 2142 1280 2199 pro-

168 2225 261 2296 priam
272 2230 302 2282 et
316 2224 440 2282 insitam.
474 2223 556 2295 Quod
570 2224 637 2294 quia
647 2223 774 2295 neglexit
784 2221 963 2294 Hercherus,
978 2223 1085 2280 multas
1099 2223 1280 2296 corruptelas

165 2321 325 2392 multasque
347 2321 586 2393 interpolationes
607 2320 668 2378 eius
689 2320 766 2377 modi
779 2319 863 2378 Asini
882 2320 954 2378 locis
970 2320 1085 2391 statuit,
1107 2322 1157 2392 qui
1177 2336 1213 2379 ex
1228 2320 1280 2378 illa

166 2418 327 2476 imitatione
350 2417 488 2475 facillime
509 2418 620 2488 possint
644 2416 794 2488 explicari.
869 2456 872 2461 -

243 2515 353 2589 Quibus
376 2514 516 2586 expositis
540 2515 576 2572 de
602 2515 704 2573 habitu
723 2514 792 2572 libri
818 2519 848 2572 et
875 2520 1045 2585 argumento
1072 2515 1278 2573 1111111111-

165 2612 230 2671 silio
252 2613 313 2671 eius
335 2612 405 2684 quid
419 2613 588 2683 investigari
607 2612 706 2684 possit,
729 2613 857 2670 breviter
871 2611 998 2669 afferam.
1030 2610 1277 2670 Proficiscendum

164 2715 260 2768 autem
285 2715 356 2782 puto
383 2726 401 2768 a
430 2709 525 2768 verbis
548 2710 607 2768 illis
633 2710 737 2781 capitis
758 2712 795 2767 55
826 2710 981 2776 mutilatis,
1011 2710 1063 2767 ubi
1087 2710 1122 2768 de
1149 2726 1179 2768 se
1204 2710 1277 2781 ipso,

164 2809 273 2881 patrie,
307 2808 421 2866 familia
441 2808 551 2866 Lucius
571 2807 728 2879 respondet
747 2807 875 2879 praesidi
895 2808 1079 2879 percontanti
1099 2805 1192 2883 Πατὴρ
1219 2805 1277 2881 μέν,

165 2906 241 2982 ἔφην,
266 2951 321 2964 ...
343 2907 397 2962 ἔστι
419 2903 673 2982 1111111111,τῴ
695 2904 724 2961 δὲ
746 2904 856 2981 ἀδελφῷ
876 2906 917 2982 τῷ
938 2903 998 2981 ἐμῷ
1019 2903 1040 2962 Γ
1043 2903 1108 2968 aiios.
1144 2902 1227 2981 ἄμφω
1249 2903 1279 2961 δὲ

163 3001 197 3059 τὰ
218 3002 298 3060 λοιπὰ
319 3001 366 3061 δύο
388 3002 509 3078 ὀνόματα
524 2996 724 3082 κοινὰῖχομεν.
759 3002 834 3077 κάγὼ
850 3001 899 3077 μὲν
915 3002 1037 3079 ἱστοριῶν
1056 3001 1102 3061 καὶ
1115 3000 1206 3061 ἄλλων
1226 3001 1280 3078 εἰμὶ

163 3099 342 3177 συγγραφεύς,
365 3100 379 3157 ὁ
403 3100 432 3158 δὲ
453 3101 566 3177 ποιητὴς
587 3100 712 3176 ἐλεγείων
739 3099 793 3157 ἐστὶ
818 3099 864 3159 καὶ
885 3098 978 3175 μάντις
999 3099 1109 3175 ἀγαθός·
1132 3099 1227 3176 πατρὶς
1248 3099 1278 3156 δὲ

162 3197 226 3273 ἡμῖν
248 3194 351 3272 Πάτραι
371 3200 420 3273 τῆς
436 3195 562 3275 Ἀχαίας.
606 3197 720 3271 Optime
747 3198 782 3256 de
804 3197 858 3254 hoc
882 3197 946 3254 loco
966 3197 1103 3255 Rohdeus
1125 3197 1156 3254 in
1176 3197 1276 3256 libello

163 3294 213 3364 qui
234 3298 280 3351 est
301 3294 336 3352 (11
356 3295 471 3352 ratione
492 3295 569 3352 inter
589 3294 711 3353 Luciani
731 3292 855 3352 Asinum
873 3295 1015 3368 Luciique
1028 3294 1277 3368 Metamorphoses

161 3391 360 3448 intercedente
388 3407 416 3462 p.
446 3392 483 3448 12
520 3392 684 3463 exposuisse
715 3391 785 3449 mihi
815 3390 943 3464 videtur,
977 3392 1054 3462 quod
1081 3392 1190 3450 Lucius
1218 3396 1278 3449 tem

162 3493 298 3545 accurate
319 3487 354 3546 de
375 3488 487 3546 familia
508 3493 537 3545 11
557 3488 660 3546 studiis
680 3489 770 3546 verbe
790 3487 917 3558 faceret,
950 3504 1008 3547 non
1028 3489 1101 3546 bene
1122 3504 1206 3561 posse
1227 3506 1278 3546 ex·

162 3585 267 3656 plicari
287 3586 344 3643 nisi
357 3602 535 3658 poneremus,
557 3590 619 3643 toto
640 3587 695 3644 hoc
709 3587 806 3644 libello
821 3590 933 3644 certum
954 3586 1080 3658 aliquem
1095 3588 1275 3659 scriptorem,

161 3681 199 3739 ad
221 3698 305 3754 quem
339 3683 435 3741 omnia
465 3683 516 3740 illa
542 3683 730 3754 quadrarent,
762 3683 877 3740 irrisum
903 3698 973 3741 esse.
1015 3683 1078 3740 Iarn
1102 3699 1171 3742 vero
1192 3682 1278 3741 Asini

162 3781 323 3850 ,Lucisnei‘
346 3780 442 3838 indole
456 3786 609 3854 perspecta
622 3781 784 3839 necessario
800 3779 991 3851 colligendum
1007 3784 1050 3838 111
1071 3797 1129 3838 una
1149 3796 1212 3838 cum
1234 3796 1277 3838 re·

160 3877 247 3950 liquis
268 3879 357 3937 etiam
377 3883 469 3936 totum
491 3884 579 3952 caput
600 3880 638 3938 55
660 3895 695 3936 ex
714 3878 807 3937 Lucio
828 3878 1049 3951 transscriptum
1064 3894 1126 3936 esse
1146 3877 1276 3948 ideoque,

161 3976 239 4048 quod
272 3977 340 4036 inde
376 3977 431 4034 iste
466 3976 586 4048 collegit
616 3977 651 4034 de
682 3973 788 4047 Asino,
820 3976 965 4048 pertinere
996 3976 1093 4049 potius
1125 3974 1162 4032 ad
1191 3974 1277 4033 Lucii

160 4075 318 4148 exemplar.
360 4072 459 4146 Atque
485 4073 601 4134 videtur
625 4075 683 4132 ista
708 4074 873 4132 coniectura
900 4073 965 4145 ipsa
989 4072 1081 4131 libelli
1101 4073 1179 4131 illius
1200 4087 1276 4131 com·
