<?xml version="1.0" encoding="UTF-8"?>
<!DOCTYPE html PUBLIC "-//W3C//DTD XHTML 1.0 Transitional//EN"
    "http://www.w3.org/TR/xhtml1/DTD/xhtml1-transitional.dtd">
<html xmlns="http://www.w3.org/1999/xhtml" xml:lang="en" lang="en">
 <head>
  <title>
</title>
<meta http-equiv="Content-Type" content="text/html;charset=utf-8" />
  <meta name='ocr-system' content='tesseract 3.04.00' />
  <meta name='ocr-capabilities' content='ocr_page ocr_carea ocr_par ocr_line ocrx_word'/>
</head>
<body>
  <div class='ocr_page' id='page_1' title='image "./deluciopatrensi00brgoog_0019.png"; bbox 0 0 2902 4702; ppageno 0'>
   <div class='ocr_carea' id='block_1_1' title="bbox 615 325 837 388">
    <p class='ocr_par' dir='ltr' id='par_1_1' title="bbox 615 325 837 388">
     <span class='ocr_line' id='line_1_1' title="bbox 615 325 837 388; baseline -0.018 -15"><span class='ocrx_word' id='word_1_1' title='bbox 615 325 837 388; x_wconf 69' lang='lat'>-10-</span> 
     </span>
    </p>
   </div>
   <div class='ocr_carea' id='block_1_2' title="bbox 165 517 1320 982">
    <p class='ocr_par' dir='ltr' id='par_1_2' title="bbox 165 517 1320 982">
     <span class='ocr_line' id='line_1_2' title="bbox 165 517 1289 596; baseline 0 -20"><span class='ocrx_word' id='word_1_2' title='bbox 165 592 167 596; x_wconf 23' lang='grc' dir='ltr'>Ι</span> <span class='ocrx_word' id='word_1_3' title='bbox 252 517 351 577; x_wconf 91' lang='lat' dir='ltr'>Photii</span> <span class='ocrx_word' id='word_1_4' title='bbox 383 519 527 577; x_wconf 90' lang='lat' dir='ltr'>sententia</span> <span class='ocrx_word' id='word_1_5' title='bbox 558 523 693 576; x_wconf 90' lang='lat' dir='ltr'>accurate</span> <span class='ocrx_word' id='word_1_6' title='bbox 738 518 903 575; x_wconf 86' lang='lat' dir='ltr'>examinata</span> <span class='ocrx_word' id='word_1_7' title='bbox 940 521 1046 587; x_wconf 89' lang='lat' dir='ltr'>restat,</span> <span class='ocrx_word' id='word_1_8' title='bbox 1077 522 1109 574; x_wconf 93' lang='lat' dir='ltr'>ut</span> <span class='ocrx_word' id='word_1_9' title='bbox 1134 518 1169 575; x_wconf 93' lang='lat' dir='ltr'>de</span> <span class='ocrx_word' id='word_1_10' title='bbox 1201 533 1289 576; x_wconf 87' lang='lat' dir='ltr'>causa</span> 
     </span>
     <span class='ocr_line' id='line_1_3' title="bbox 168 614 1286 688; baseline -0.001 -14"><span class='ocrx_word' id='word_1_11' title='bbox 168 616 236 675; x_wconf 82' lang='lat' dir='ltr'>falsi</span> <span class='ocrx_word' id='word_1_12' title='bbox 253 617 330 674; x_wconf 92' lang='lat' dir='ltr'>illius</span> <span class='ocrx_word' id='word_1_13' title='bbox 344 616 443 674; x_wconf 90' lang='lat' dir='ltr'>iudicii</span> <span class='ocrx_word' id='word_1_14' title='bbox 459 631 550 687; x_wconf 87' lang='lat' dir='ltr'>pauca</span> <span class='ocrx_word' id='word_1_15' title='bbox 563 616 693 673; x_wconf 77' lang='lat' dir='ltr'><strong>adiciam.</strong></span> <span class='ocrx_word' id='word_1_16' title='bbox 726 614 810 688; x_wconf 78' lang='lat' dir='ltr'>Quod</span> <span class='ocrx_word' id='word_1_17' title='bbox 824 615 883 672; x_wconf 88' lang='lat' dir='ltr'>iam</span> <span class='ocrx_word' id='word_1_18' title='bbox 897 631 985 686; x_wconf 90' lang='lat' dir='ltr'>supra</span> <span class='ocrx_word' id='word_1_19' title='bbox 1000 615 1144 684; x_wconf 80' lang='lat' dir='ltr'>annotavi,</span> <span class='ocrx_word' id='word_1_20' title='bbox 1159 616 1286 686; x_wconf 84' lang='lat' dir='ltr'>patriar·</span> 
     </span>
     <span class='ocr_line' id='line_1_4' title="bbox 169 711 1320 783; baseline 0 -12"><span class='ocrx_word' id='word_1_21' title='bbox 169 714 253 771; x_wconf 89' lang='lat' dir='ltr'>cham</span> <span class='ocrx_word' id='word_1_22' title='bbox 274 711 396 772; x_wconf 86' lang='lat' dir='ltr'>fortasse</span> <span class='ocrx_word' id='word_1_23' title='bbox 421 717 528 770; x_wconf 90' lang='lat' dir='ltr'>motum</span> <span class='ocrx_word' id='word_1_24' title='bbox 556 728 617 770; x_wconf 87' lang='lat' dir='ltr'>esse</span> <span class='ocrx_word' id='word_1_25' title='bbox 641 712 726 770; x_wconf 86' lang='lat' dir='ltr'>Lucii</span> <span class='ocrx_word' id='word_1_26' title='bbox 750 712 846 782; x_wconf 89' lang='lat' dir='ltr'>aliquo</span> <span class='ocrx_word' id='word_1_27' title='bbox 871 711 1075 779; x_wconf 88' lang='lat' dir='ltr'>additamento,</span> <span class='ocrx_word' id='word_1_28' title='bbox 1101 728 1136 769; x_wconf 88' lang='lat' dir='ltr'>ex</span> <span class='ocrx_word' id='word_1_29' title='bbox 1161 728 1215 783; x_wconf 89' lang='lat' dir='ltr'>quo</span> <span class='ocrx_word' id='word_1_30' title='bbox 1235 713 1288 771; x_wconf 92' lang='lat' dir='ltr'>illa</span> <span class='ocrx_word' id='word_1_31' title='bbox 1316 731 1320 740; x_wconf 93' lang='lat'><em>·</em></span> 
     </span>
     <span class='ocr_line' id='line_1_5' title="bbox 168 809 1287 882; baseline -0.001 -13"><span class='ocrx_word' id='word_1_32' title='bbox 168 827 199 869; x_wconf 93' lang='lat' dir='ltr'>se</span> <span class='ocrx_word' id='word_1_33' title='bbox 232 811 402 869; x_wconf 79' lang='lat' dir='ltr'>concludere</span> <span class='ocrx_word' id='word_1_34' title='bbox 432 826 515 882; x_wconf 87' lang='lat' dir='ltr'>posse</span> <span class='ocrx_word' id='word_1_35' title='bbox 546 814 677 882; x_wconf 90' lang='lat' dir='ltr'>putaret,</span> <span class='ocrx_word' id='word_1_36' title='bbox 713 810 743 868; x_wconf 92' lang='lat' dir='ltr'>id</span> <span class='ocrx_word' id='word_1_37' title='bbox 776 809 956 882; x_wconf 89' lang='lat' dir='ltr'>comprobari</span> <span class='ocrx_word' id='word_1_38' title='bbox 987 810 1057 868; x_wconf 94' lang='lat' dir='ltr'>mihi</span> <span class='ocrx_word' id='word_1_39' title='bbox 1080 809 1195 867; x_wconf 89' lang='lat' dir='ltr'>videtur</span> <span class='ocrx_word' id='word_1_40' title='bbox 1216 811 1287 882; x_wconf 85' lang='lat' dir='ltr'>ipsis</span> 
     </span>
     <span class='ocr_line' id='line_1_6' title="bbox 168 904 1288 982; baseline 0 -18"><span class='ocrx_word' id='word_1_41' title='bbox 168 907 229 966; x_wconf 90' lang='lat' dir='ltr'>illis</span> <span class='ocrx_word' id='word_1_42' title='bbox 250 909 354 978; x_wconf 86' lang='lat' dir='ltr'>verbis,</span> <span class='ocrx_word' id='word_1_43' title='bbox 386 907 488 978; x_wconf 89' lang='lat' dir='ltr'>quibus</span> <span class='ocrx_word' id='word_1_44' title='bbox 507 907 627 965; x_wconf 91' lang='lat' dir='ltr'>Photius</span> <span class='ocrx_word' id='word_1_45' title='bbox 647 924 714 964; x_wconf 90' lang='lat' dir='ltr'>usus</span> <span class='ocrx_word' id='word_1_46' title='bbox 737 911 780 965; x_wconf 87' lang='lat' dir='ltr'>est</span> <span class='ocrx_word' id='word_1_47' title='bbox 800 904 959 971; x_wconf 79' lang='grc' dir='ltr'>σπουδάζων</span> <span class='ocrx_word' id='word_1_48' title='bbox 979 928 1010 964; x_wconf 85' lang='grc' dir='ltr'>τε</span> <span class='ocrx_word' id='word_1_49' title='bbox 1031 906 1076 966; x_wconf 82' lang='grc' dir='ltr'>καὶ</span> <span class='ocrx_word' id='word_1_50' title='bbox 1099 905 1192 969; x_wconf 82' lang='grc' dir='ltr'>πιστὰς</span> <span class='ocrx_word' id='word_1_51' title='bbox 1210 907 1288 982; x_wconf 62' lang='grc' dir='ltr'>νυμίι</span> 
     </span>
    </p>
   </div>
   <div class='ocr_carea' id='block_1_3' title="bbox 168 1003 1287 1562">
    <p class='ocr_par' dir='ltr' id='par_1_3' title="bbox 168 1003 1287 1562">
     <span class='ocr_line' id='line_1_7' title="bbox 169 1003 1285 1077; baseline 0.001 -16"><span class='ocrx_word' id='word_1_52' title='bbox 169 1007 232 1070; x_wconf 76' lang='grc' dir='ltr'>ζων.</span> <span class='ocrx_word' id='word_1_53' title='bbox 276 1004 360 1062; x_wconf 85' lang='lat' dir='ltr'>Unde</span> <span class='ocrx_word' id='word_1_54' title='bbox 382 1005 456 1062; x_wconf 89' lang='lat' dir='ltr'>enim</span> <span class='ocrx_word' id='word_1_55' title='bbox 478 1005 562 1062; x_wconf 85' lang='lat' dir='ltr'>scivit</span> <span class='ocrx_word' id='word_1_56' title='bbox 581 1004 703 1062; x_wconf 90' lang='lat' dir='ltr'>Photius</span> <span class='ocrx_word' id='word_1_57' title='bbox 726 1003 849 1061; x_wconf 90' lang='lat' dir='ltr'>Lucium</span> <span class='ocrx_word' id='word_1_58' title='bbox 870 1019 912 1073; x_wconf 87' lang='lat' dir='ltr'>ea,</span> <span class='ocrx_word' id='word_1_59' title='bbox 934 1020 1008 1074; x_wconf 88' lang='lat' dir='ltr'>quae</span> <span class='ocrx_word' id='word_1_60' title='bbox 1027 1009 1169 1071; x_wconf 82' lang='lat' dir='ltr'>narraret,</span> <span class='ocrx_word' id='word_1_61' title='bbox 1191 1004 1285 1077; x_wconf 87' lang='lat' dir='ltr'>ipsum</span> 
     </span>
     <span class='ocr_line' id='line_1_8' title="bbox 169 1101 1285 1174; baseline -0.001 -13"><span class='ocrx_word' id='word_1_62' title='bbox 169 1101 344 1162; x_wconf 81' lang='lat' dir='ltr'>credidisse?</span> <span class='ocrx_word' id='word_1_63' title='bbox 379 1101 463 1160; x_wconf 86' lang='lat' dir='ltr'>Unde</span> <span class='ocrx_word' id='word_1_64' title='bbox 478 1103 593 1160; x_wconf 90' lang='lat' dir='ltr'>omnino</span> <span class='ocrx_word' id='word_1_65' title='bbox 608 1103 677 1161; x_wconf 89' lang='lat' dir='ltr'>sciri</span> <span class='ocrx_word' id='word_1_66' title='bbox 690 1106 796 1174; x_wconf 84' lang='lat' dir='ltr'>potest,</span> <span class='ocrx_word' id='word_1_67' title='bbox 814 1103 838 1159; x_wconf 94' lang='lat' dir='ltr'>si</span> <span class='ocrx_word' id='word_1_68' title='bbox 853 1103 917 1173; x_wconf 92' lang='lat' dir='ltr'>quis</span> <span class='ocrx_word' id='word_1_69' title='bbox 931 1103 1003 1159; x_wconf 90' lang='lat' dir='ltr'>talia</span> <span class='ocrx_word' id='word_1_70' title='bbox 1017 1101 1163 1159; x_wconf 91' lang='lat' dir='ltr'>mirabilia</span> <span class='ocrx_word' id='word_1_71' title='bbox 1176 1107 1285 1170; x_wconf 91' lang='lat' dir='ltr'>narret,</span> 
     </span>
     <span class='ocr_line' id='line_1_9' title="bbox 168 1198 1287 1272; baseline -0.003 -15"><span class='ocrx_word' id='word_1_72' title='bbox 168 1201 230 1272; x_wconf 91' lang='lat' dir='ltr'>ipse</span> <span class='ocrx_word' id='word_1_73' title='bbox 252 1205 347 1257; x_wconf 88' lang='lat' dir='ltr'>utrum</span> <span class='ocrx_word' id='word_1_74' title='bbox 368 1200 469 1258; x_wconf 90' lang='lat' dir='ltr'>credat</span> <span class='ocrx_word' id='word_1_75' title='bbox 489 1198 599 1258; x_wconf 84' lang='lat' dir='ltr'>necne?</span> <span class='ocrx_word' id='word_1_76' title='bbox 633 1201 678 1256; x_wconf 90' lang='lat' dir='ltr'>An</span> <span class='ocrx_word' id='word_1_77' title='bbox 692 1199 830 1258; x_wconf 78' lang='lat' dir='ltr'>Grimmii</span> <span class='ocrx_word' id='word_1_78' title='bbox 850 1199 966 1271; x_wconf 87' lang='lat' dir='ltr'>aliique,</span> <span class='ocrx_word' id='word_1_79' title='bbox 989 1199 1038 1271; x_wconf 92' lang='lat' dir='ltr'>qui</span> <span class='ocrx_word' id='word_1_80' title='bbox 1053 1198 1126 1255; x_wconf 90' lang='lat' dir='ltr'>talia</span> <span class='ocrx_word' id='word_1_81' title='bbox 1145 1198 1287 1270; x_wconf 83' lang='lat' dir='ltr'>colligunt</span> 
     </span>
     <span class='ocr_line' id='line_1_10' title="bbox 168 1295 1285 1369; baseline -0.001 -16"><span class='ocrx_word' id='word_1_82' title='bbox 168 1298 214 1355; x_wconf 85' lang='lat' dir='ltr'>vel</span> <span class='ocrx_word' id='word_1_83' title='bbox 235 1297 400 1366; x_wconf 87' lang='lat' dir='ltr'>inveniunt,</span> <span class='ocrx_word' id='word_1_84' title='bbox 422 1302 474 1354; x_wconf 93' lang='lat' dir='ltr'>aut</span> <span class='ocrx_word' id='word_1_85' title='bbox 495 1296 611 1354; x_wconf 89' lang='lat' dir='ltr'>credere</span> <span class='ocrx_word' id='word_1_86' title='bbox 632 1297 689 1369; x_wconf 91' lang='lat' dir='ltr'>ipsi</span> <span class='ocrx_word' id='word_1_87' title='bbox 710 1300 777 1353; x_wconf 88' lang='lat' dir='ltr'>sunt</span> <span class='ocrx_word' id='word_1_88' title='bbox 797 1296 919 1368; x_wconf 88' lang='lat' dir='ltr'>putandi</span> <span class='ocrx_word' id='word_1_89' title='bbox 940 1295 965 1352; x_wconf 94' lang='lat' dir='ltr'>si</span> <span class='ocrx_word' id='word_1_90' title='bbox 986 1296 1060 1354; x_wconf 88' lang='lat' dir='ltr'>serio</span> <span class='ocrx_word' id='word_1_91' title='bbox 1082 1300 1212 1366; x_wconf 87' lang='lat' dir='ltr'>narrant,</span> <span class='ocrx_word' id='word_1_92' title='bbox 1235 1300 1285 1352; x_wconf 90' lang='lat' dir='ltr'>aut</span> 
     </span>
     <span class='ocr_line' id='line_1_11' title="bbox 169 1392 1284 1464; baseline -0.002 -13"><span class='ocrx_word' id='word_1_93' title='bbox 169 1395 193 1451; x_wconf 91' lang='lat' dir='ltr'>si</span> <span class='ocrx_word' id='word_1_94' title='bbox 215 1394 322 1463; x_wconf 90' lang='lat' dir='ltr'>iocose,</span> <span class='ocrx_word' id='word_1_95' title='bbox 348 1393 445 1452; x_wconf 92' lang='lat' dir='ltr'>invehi</span> <span class='ocrx_word' id='word_1_96' title='bbox 465 1394 541 1451; x_wconf 89' lang='lat' dir='ltr'>velle</span> <span class='ocrx_word' id='word_1_97' title='bbox 562 1394 592 1450; x_wconf 91' lang='lat' dir='ltr'>in</span> <span class='ocrx_word' id='word_1_98' title='bbox 612 1393 727 1450; x_wconf 88' lang='lat' dir='ltr'>nimiam</span> <span class='ocrx_word' id='word_1_99' title='bbox 749 1393 912 1463; x_wconf 89' lang='lat' dir='ltr'>aequalium</span> <span class='ocrx_word' id='word_1_100' title='bbox 933 1392 1190 1464; x_wconf 68' lang='lat' dir='ltr'>superstitionem&gt;</span> <span class='ocrx_word' id='word_1_101' title='bbox 1222 1392 1284 1464; x_wconf 83' lang='lat' dir='ltr'>Ego</span> 
     </span>
     <span class='ocr_line' id='line_1_12' title="bbox 169 1476 1283 1562; baseline -0.002 -15"><span class='ocrx_word' id='word_1_102' title='bbox 169 1495 246 1548; x_wconf 89' lang='lat' dir='ltr'>certe</span> <span class='ocrx_word' id='word_1_103' title='bbox 267 1476 375 1547; x_wconf 83' lang='lat' dir='ltr'>nullam</span> <span class='ocrx_word' id='word_1_104' title='bbox 396 1491 483 1548; x_wconf 91' lang='lat' dir='ltr'>aliam</span> <span class='ocrx_word' id='word_1_105' title='bbox 503 1491 580 1548; x_wconf 85' lang='lat' dir='ltr'>viam</span> <span class='ocrx_word' id='word_1_106' title='bbox 600 1490 691 1562; x_wconf 85' lang='lat' dir='ltr'>video,</span> <span class='ocrx_word' id='word_1_107' title='bbox 714 1506 771 1560; x_wconf 91' lang='lat' dir='ltr'>qua</span> <span class='ocrx_word' id='word_1_108' title='bbox 785 1490 905 1548; x_wconf 89' lang='lat' dir='ltr'>Photius</span> <span class='ocrx_word' id='word_1_109' title='bbox 926 1491 980 1548; x_wconf 89' lang='lat' dir='ltr'>hoo</span> <span class='ocrx_word' id='word_1_110' title='bbox 999 1491 1158 1548; x_wconf 77' lang='lat' dir='ltr'>resciscere</span> <span class='ocrx_word' id='word_1_111' title='bbox 1178 1494 1283 1561; x_wconf 90' lang='lat' dir='ltr'>potue-</span> 
     </span>
    </p>
   </div>
   <div class='ocr_carea' id='block_1_4' title="bbox 163 1586 1286 2435">
    <p class='ocr_par' dir='ltr' id='par_1_4' title="bbox 163 1586 1286 2435">
     <span class='ocr_line' id='line_1_13' title="bbox 168 1586 1283 1671; baseline -0.003 -26"><span class='ocrx_word' id='word_1_112' title='bbox 168 1587 222 1658; x_wconf 89' lang='lat' dir='ltr'>rit,</span> <span class='ocrx_word' id='word_1_113' title='bbox 253 1587 308 1645; x_wconf 90' lang='lat' dir='ltr'>nisi</span> <span class='ocrx_word' id='word_1_114' title='bbox 343 1588 405 1660; x_wconf 88' lang='lat' dir='ltr'>ipse</span> <span class='ocrx_word' id='word_1_115' title='bbox 425 1587 534 1645; x_wconf 87' lang='lat' dir='ltr'>Lucius</span> <span class='ocrx_word' id='word_1_116' title='bbox 568 1587 613 1644; x_wconf 89' lang='lat' dir='ltr'>vel</span> <span class='ocrx_word' id='word_1_117' title='bbox 639 1588 669 1643; x_wconf 92' lang='lat' dir='ltr'>in</span> <span class='ocrx_word' id='word_1_118' title='bbox 690 1587 844 1671; x_wconf 22' lang='lat' dir='ltr'>prooemio.</span> <span class='ocrx_word' id='word_1_119' title='bbox 857 1586 949 1644; x_wconf 90' lang='lat' dir='ltr'>libelli</span> <span class='ocrx_word' id='word_1_120' title='bbox 969 1587 1016 1645; x_wconf 90' lang='lat' dir='ltr'>vel</span> <span class='ocrx_word' id='word_1_121' title='bbox 1037 1587 1095 1643; x_wconf 87' lang='lat' dir='ltr'>alio</span> <span class='ocrx_word' id='word_1_122' title='bbox 1115 1587 1181 1644; x_wconf 91' lang='lat' dir='ltr'>loco</span> <span class='ocrx_word' id='word_1_123' title='bbox 1203 1602 1283 1643; x_wconf 88' lang='lat' dir='ltr'>suam</span> 
     </span>
     <span class='ocr_line' id='line_1_14' title="bbox 166 1682 1284 1757; baseline -0.003 -15"><span class='ocrx_word' id='word_1_124' title='bbox 166 1684 258 1757; x_wconf 88' lang='lat' dir='ltr'>ipsius</span> <span class='ocrx_word' id='word_1_125' title='bbox 283 1685 487 1742; x_wconf 87' lang='lat' dir='ltr'>miraculorum</span> <span class='ocrx_word' id='word_1_126' title='bbox 513 1682 597 1742; x_wconf 90' lang='lat' dir='ltr'>fidem</span> <span class='ocrx_word' id='word_1_127' title='bbox 618 1684 766 1757; x_wconf 85' lang='lat' dir='ltr'>professus</span> <span class='ocrx_word' id='word_1_128' title='bbox 786 1685 833 1742; x_wconf 94' lang='lat' dir='ltr'>sit.</span> <span class='ocrx_word' id='word_1_129' title='bbox 875 1683 957 1742; x_wconf 78' lang='lat' dir='ltr'>Sicut</span> <span class='ocrx_word' id='word_1_130' title='bbox 977 1684 1015 1756; x_wconf 89' lang='lat' dir='ltr'>is,</span> <span class='ocrx_word' id='word_1_131' title='bbox 1050 1700 1133 1756; x_wconf 88' lang='lat' dir='ltr'>quem</span> <span class='ocrx_word' id='word_1_132' title='bbox 1156 1683 1284 1742; x_wconf 89' lang='lat' dir='ltr'>eiusdem</span> 
     </span>
     <span class='ocr_line' id='line_1_15' title="bbox 167 1779 1283 1856; baseline -0.003 -15"><span class='ocrx_word' id='word_1_133' title='bbox 167 1781 348 1841; x_wconf 78' lang='lat' dir='ltr'>credulitatis</span> <span class='ocrx_word' id='word_1_134' title='bbox 369 1782 530 1854; x_wconf 88' lang='lat' dir='ltr'>exemplum</span> <span class='ocrx_word' id='word_1_135' title='bbox 541 1782 640 1839; x_wconf 89' lang='lat' dir='ltr'>attulit</span> <span class='ocrx_word' id='word_1_136' title='bbox 653 1781 791 1840; x_wconf 86' lang='lat' dir='ltr'>Rohdeus</span> <span class='ocrx_word' id='word_1_137' title='bbox 812 1781 880 1855; x_wconf 90' lang='lat' dir='ltr'><strong>(Rh.</strong></span> <span class='ocrx_word' id='word_1_138' title='bbox 896 1781 970 1839; x_wconf 81' lang='lat' dir='ltr'>Mus</span> <span class='ocrx_word' id='word_1_139' title='bbox 986 1783 1025 1838; x_wconf 82' lang='lat'>40</span> <span class='ocrx_word' id='word_1_140' title='bbox 1041 1780 1147 1856; x_wconf 81' lang='lat'>(1885)</span> <span class='ocrx_word' id='word_1_141' title='bbox 1163 1779 1205 1855; x_wconf 88' lang='lat' dir='ltr'>(p.</span> <span class='ocrx_word' id='word_1_142' title='bbox 1222 1780 1283 1854; x_wconf 79' lang='lat'>92),</span> 
     </span>
     <span class='ocr_line' id='line_1_16' title="bbox 167 1876 1283 1952; baseline -0.004 -14"><span class='ocrx_word' id='word_1_143' title='bbox 167 1879 347 1945; x_wconf 88' lang='lat' dir='ltr'>Praetorius,</span> <span class='ocrx_word' id='word_1_144' title='bbox 370 1880 418 1951; x_wconf 91' lang='lat' dir='ltr'>qui</span> <span class='ocrx_word' id='word_1_145' title='bbox 439 1885 505 1952; x_wconf 88' lang='lat' dir='ltr'>post</span> <span class='ocrx_word' id='word_1_146' title='bbox 525 1876 720 1937; x_wconf 85' lang='lat' dir='ltr'>narrationem</span> <span class='ocrx_word' id='word_1_147' title='bbox 742 1879 867 1951; x_wconf 89' lang='lat' dir='ltr'>aliquam</span> <span class='ocrx_word' id='word_1_148' title='bbox 880 1879 1046 1946; x_wconf 86' lang='lat' dir='ltr'>Luciancao</span> <span class='ocrx_word' id='word_1_149' title='bbox 1060 1877 1145 1935; x_wconf 85' lang='lat' dir='ltr'>valde</span> <span class='ocrx_word' id='word_1_150' title='bbox 1161 1878 1283 1934; x_wconf 90' lang='lat' dir='ltr'>similem</span> 
     </span>
     <span class='ocr_line' id='line_1_17' title="bbox 168 1973 1283 2051; baseline -0.001 -18"><span class='ocrx_word' id='word_1_151' title='bbox 168 1977 240 2034; x_wconf 90' lang='lat' dir='ltr'>haec</span> <span class='ocrx_word' id='word_1_152' title='bbox 260 1978 349 2035; x_wconf 89' lang='lat' dir='ltr'>verba</span> <span class='ocrx_word' id='word_1_153' title='bbox 370 1977 470 2035; x_wconf 90' lang='lat' dir='ltr'>adicit:</span> <span class='ocrx_word' id='word_1_154' title='bbox 508 1976 574 2046; x_wconf 80' lang='lat' dir='ltr'>„Isi</span> <span class='ocrx_word' id='word_1_155' title='bbox 594 1976 672 2036; x_wconf 81' lang='lat' dir='ltr'>aicbt</span> <span class='ocrx_word' id='word_1_156' title='bbox 684 1995 715 2035; x_wconf 81' lang='lat' dir='ltr'>ao</span> <span class='ocrx_word' id='word_1_157' title='bbox 735 1994 792 2050; x_wconf 72' lang='lat' dir='ltr'>yar</span> <span class='ocrx_word' id='word_1_158' title='bbox 811 1976 1003 2051; x_wconf 74' lang='lat' dir='ltr'>aaqldcbla&#39;cb,</span> <span class='ocrx_word' id='word_1_159' title='bbox 1026 1976 1099 2035; x_wconf 80' lang='lat' dir='ltr'>dena</span> <span class='ocrx_word' id='word_1_160' title='bbox 1119 1975 1171 2033; x_wconf 78' lang='lat' dir='ltr'>der</span> <span class='ocrx_word' id='word_1_161' title='bbox 1191 1973 1283 2032; x_wconf 78' lang='lat' dir='ltr'>Satan</span> 
     </span>
     <span class='ocr_line' id='line_1_18' title="bbox 163 2073 1283 2148; baseline -0.002 -18"><span class='ocrx_word' id='word_1_162' title='bbox 163 2073 204 2130; x_wconf 81' lang='lat' dir='ltr'>ist</span> <span class='ocrx_word' id='word_1_163' title='bbox 234 2073 372 2146; x_wconf 73' lang='lat' dir='ltr'>mdclatiq,</span> <span class='ocrx_word' id='word_1_164' title='bbox 406 2073 528 2132; x_wconf 75' lang='lat' dir='ltr'>bevorab</span> <span class='ocrx_word' id='word_1_165' title='bbox 558 2075 590 2132; x_wconf 75' lang='lat' dir='ltr'>ia</span> <span class='ocrx_word' id='word_1_166' title='bbox 615 2075 669 2133; x_wconf 84' lang='lat' dir='ltr'>dea</span> <span class='ocrx_word' id='word_1_167' title='bbox 689 2074 822 2133; x_wconf 76' lang='lat' dir='ltr'>Kiadera</span> <span class='ocrx_word' id='word_1_168' title='bbox 850 2075 900 2133; x_wconf 85' lang='lat' dir='ltr'>des</span> <span class='ocrx_word' id='word_1_169' title='bbox 922 2074 1131 2148; x_wconf 76' lang='lat' dir='ltr'>Uaploabeaa“</span> <span class='ocrx_word' id='word_1_170' title='bbox 1175 2073 1283 2144; x_wconf 80' lang='lat' dir='ltr'>Quibus</span> 
     </span>
     <span class='ocr_line' id='line_1_19' title="bbox 165 2170 1283 2243; baseline 0 -16"><span class='ocrx_word' id='word_1_171' title='bbox 165 2170 272 2228; x_wconf 90' lang='lat' dir='ltr'>similia</span> <span class='ocrx_word' id='word_1_172' title='bbox 292 2171 318 2227; x_wconf 88' lang='lat' dir='ltr'>si</span> <span class='ocrx_word' id='word_1_173' title='bbox 339 2171 427 2227; x_wconf 90' lang='lat' dir='ltr'>etiam</span> <span class='ocrx_word' id='word_1_174' title='bbox 448 2171 524 2242; x_wconf 88' lang='lat' dir='ltr'>apud</span> <span class='ocrx_word' id='word_1_175' title='bbox 538 2172 660 2229; x_wconf 75' lang='lat' dir='ltr'>lucium</span> <span class='ocrx_word' id='word_1_176' title='bbox 673 2171 795 2229; x_wconf 90' lang='lat' dir='ltr'>Photius</span> <span class='ocrx_word' id='word_1_177' title='bbox 816 2172 913 2242; x_wconf 90' lang='lat' dir='ltr'>aliquo</span> <span class='ocrx_word' id='word_1_178' title='bbox 934 2173 998 2230; x_wconf 91' lang='lat' dir='ltr'>loco</span> <span class='ocrx_word' id='word_1_179' title='bbox 1020 2171 1171 2243; x_wconf 88' lang='lat' dir='ltr'>invenerit,</span> <span class='ocrx_word' id='word_1_180' title='bbox 1194 2170 1283 2228; x_wconf 85' lang='lat' dir='ltr'>verba</span> 
     </span>
     <span class='ocr_line' id='line_1_20' title="bbox 170 2265 1284 2340; baseline 0.002 -18"><span class='ocrx_word' id='word_1_181' title='bbox 170 2267 222 2324; x_wconf 90' lang='lat' dir='ltr'>illa</span> <span class='ocrx_word' id='word_1_182' title='bbox 243 2266 401 2331; x_wconf 75' lang='grc' dir='ltr'>σπουδάζων</span> <span class='ocrx_word' id='word_1_183' title='bbox 416 2288 446 2324; x_wconf 86' lang='grc' dir='ltr'>τε</span> <span class='ocrx_word' id='word_1_184' title='bbox 457 2265 502 2326; x_wconf 81' lang='grc' dir='ltr'>καὶ</span> <span class='ocrx_word' id='word_1_185' title='bbox 512 2265 605 2329; x_wconf 82' lang='grc' dir='ltr'>πιστὰς</span> <span class='ocrx_word' id='word_1_186' title='bbox 616 2266 731 2340; x_wconf 77' lang='grc' dir='ltr'>νομίζων</span> <span class='ocrx_word' id='word_1_187' title='bbox 755 2272 785 2325; x_wconf 91' lang='lat' dir='ltr'>et</span> <span class='ocrx_word' id='word_1_188' title='bbox 796 2268 902 2339; x_wconf 91' lang='lat' dir='ltr'>optime</span> <span class='ocrx_word' id='word_1_189' title='bbox 918 2267 1063 2338; x_wconf 86' lang='lat' dir='ltr'>explicata</span> <span class='ocrx_word' id='word_1_190' title='bbox 1078 2271 1173 2326; x_wconf 90' lang='lat' dir='ltr'>essent</span> <span class='ocrx_word' id='word_1_191' title='bbox 1193 2283 1284 2338; x_wconf 89' lang='lat' dir='ltr'>neque</span> 
     </span>
     <span class='ocr_line' id='line_1_21' title="bbox 164 2362 1286 2435; baseline -0.002 -16"><span class='ocrx_word' id='word_1_192' title='bbox 164 2363 228 2420; x_wconf 91' lang='lat' dir='ltr'>iam</span> <span class='ocrx_word' id='word_1_193' title='bbox 249 2365 413 2435; x_wconf 81' lang='lat' dir='ltr'>pugnarent</span> <span class='ocrx_word' id='word_1_194' title='bbox 433 2379 496 2421; x_wconf 91' lang='lat' dir='ltr'>cum</span> <span class='ocrx_word' id='word_1_195' title='bbox 517 2362 662 2435; x_wconf 84' lang='lat' dir='ltr'>prioribus</span> <span class='ocrx_word' id='word_1_196' title='bbox 676 2364 734 2421; x_wconf 89' lang='lat' dir='ltr'>illis</span> <span class='ocrx_word' id='word_1_197' title='bbox 755 2379 827 2433; x_wconf 90' lang='lat' dir='ltr'>quae</span> <span class='ocrx_word' id='word_1_198' title='bbox 854 2363 889 2420; x_wconf 91' lang='lat' dir='ltr'>de</span> <span class='ocrx_word' id='word_1_199' title='bbox 909 2363 1095 2422; x_wconf 89' lang='lat' dir='ltr'>similitudine</span> <span class='ocrx_word' id='word_1_200' title='bbox 1114 2379 1178 2420; x_wconf 91' lang='lat' dir='ltr'>cum</span> <span class='ocrx_word' id='word_1_201' title='bbox 1192 2362 1286 2418; x_wconf 90' lang='lat' dir='ltr'>Asino</span> 
     </span>
    </p>
   </div>
   <div class='ocr_carea' id='block_1_5' title="bbox 174 2458 1432 2532">
    <p class='ocr_par' dir='ltr' id='par_1_5' title="bbox 174 2458 1432 2532">
     <span class='ocr_line' id='line_1_22' title="bbox 174 2458 1432 2532; baseline -0.002 -16"><span class='ocrx_word' id='word_1_202' title='bbox 174 2460 372 2517; x_wconf 88' lang='lat' dir='ltr'>intercedente</span> <span class='ocrx_word' id='word_1_203' title='bbox 392 2460 508 2532; x_wconf 89' lang='lat' dir='ltr'>prolata</span> <span class='ocrx_word' id='word_1_204' title='bbox 518 2464 592 2517; x_wconf 91' lang='lat' dir='ltr'>suut.</span> <span class='ocrx_word' id='word_1_205' title='bbox 615 2459 714 2518; x_wconf 82' lang='lat' dir='ltr'>Facile</span> <span class='ocrx_word' id='word_1_206' title='bbox 734 2461 809 2518; x_wconf 88' lang='lat' dir='ltr'>euim</span> <span class='ocrx_word' id='word_1_207' title='bbox 820 2465 918 2531; x_wconf 90' lang='lat' dir='ltr'>potest</span> <span class='ocrx_word' id='word_1_208' title='bbox 929 2460 1058 2532; x_wconf 88' lang='lat' dir='ltr'>cogitari,</span> <span class='ocrx_word' id='word_1_209' title='bbox 1081 2458 1193 2526; x_wconf 83' lang='lat' dir='ltr'>etiamsi</span> <span class='ocrx_word' id='word_1_210' title='bbox 1203 2458 1309 2515; x_wconf 88' lang='lat' dir='ltr'>Lucii.</span> <span class='ocrx_word' id='word_1_211' title='bbox 1360 2463 1362 2466; x_wconf 82' lang='grc'><strong>’</strong></span> <span class='ocrx_word' id='word_1_212' title='bbox 1427 2514 1432 2525; x_wconf 81' lang='grc'>,</span> 
     </span>
    </p>
   </div>
   <div class='ocr_carea' id='block_1_6' title="bbox 169 2556 1288 3798">
    <p class='ocr_par' dir='ltr' id='par_1_6' title="bbox 169 2556 1286 3685">
     <span class='ocr_line' id='line_1_23' title="bbox 171 2556 1284 2632; baseline -0.003 -17"><span class='ocrx_word' id='word_1_213' title='bbox 171 2557 288 2615; x_wconf 89' lang='lat' dir='ltr'>libellus</span> <span class='ocrx_word' id='word_1_214' title='bbox 314 2557 434 2616; x_wconf 89' lang='lat' dir='ltr'>eundem</span> <span class='ocrx_word' id='word_1_215' title='bbox 456 2557 776 2632; x_wconf 88' lang='lat' dir='ltr'>coloremnamationis</span> <span class='ocrx_word' id='word_1_216' title='bbox 797 2562 884 2628; x_wconf 91' lang='lat' dir='ltr'>atque</span> <span class='ocrx_word' id='word_1_217' title='bbox 906 2558 1011 2616; x_wconf 85' lang='lat' dir='ltr'>Asinus</span> <span class='ocrx_word' id='word_1_218' title='bbox 1032 2573 1102 2629; x_wconf 87' lang='lat' dir='ltr'>prae</span> <span class='ocrx_word' id='word_1_219' title='bbox 1123 2556 1284 2625; x_wconf 77' lang='lat' dir='ltr'>sstulerit,</span> 
     </span>
     <span class='ocr_line' id='line_1_24' title="bbox 169 2654 1286 2726; baseline 0 -14"><span class='ocrx_word' id='word_1_220' title='bbox 169 2661 266 2714; x_wconf 87' lang='lat' dir='ltr'>tamen</span> <span class='ocrx_word' id='word_1_221' title='bbox 277 2656 341 2713; x_wconf 91' lang='lat' dir='ltr'>loco</span> <span class='ocrx_word' id='word_1_222' title='bbox 356 2654 461 2726; x_wconf 89' lang='lat' dir='ltr'>aliquo,</span> <span class='ocrx_word' id='word_1_223' title='bbox 478 2655 566 2726; x_wconf 89' lang='lat' dir='ltr'>quiin</span> <span class='ocrx_word' id='word_1_224' title='bbox 581 2654 673 2713; x_wconf 87' lang='lat' dir='ltr'>Asino</span> <span class='ocrx_word' id='word_1_225' title='bbox 688 2655 820 2713; x_wconf 84' lang='lat' dir='ltr'>breviora</span> <span class='ocrx_word' id='word_1_226' title='bbox 836 2655 917 2713; x_wconf 91' lang='lat' dir='ltr'>uobis</span> <span class='ocrx_word' id='word_1_227' title='bbox 931 2671 989 2713; x_wconf 89' lang='lat' dir='ltr'>non</span> <span class='ocrx_word' id='word_1_228' title='bbox 1003 2660 1144 2723; x_wconf 83' lang='lat' dir='ltr'>servatur,</span> <span class='ocrx_word' id='word_1_229' title='bbox 1160 2654 1286 2725; x_wconf 87' lang='lat' dir='ltr'>magica-</span> 
     </span>
     <span class='ocr_line' id='line_1_25' title="bbox 172 2753 1284 2826; baseline -0.002 -16"><span class='ocrx_word' id='word_1_230' title='bbox 172 2768 234 2810; x_wconf 89' lang='lat' dir='ltr'>rum</span> <span class='ocrx_word' id='word_1_231' title='bbox 245 2769 342 2811; x_wconf 90' lang='lat' dir='ltr'>rerum</span> <span class='ocrx_word' id='word_1_232' title='bbox 353 2753 497 2811; x_wconf 89' lang='lat' dir='ltr'>mentione</span> <span class='ocrx_word' id='word_1_233' title='bbox 508 2754 623 2826; x_wconf 85' lang='lat' dir='ltr'>iniecta,</span> <span class='ocrx_word' id='word_1_234' title='bbox 635 2769 788 2825; x_wconf 91' lang='lat' dir='ltr'>personam</span> <span class='ocrx_word' id='word_1_235' title='bbox 798 2753 966 2826; x_wconf 87' lang='lat' dir='ltr'>primariam</span> <span class='ocrx_word' id='word_1_236' title='bbox 978 2756 1080 2811; x_wconf 87' lang='lat' dir='ltr'>contra</span> <span class='ocrx_word' id='word_1_237' title='bbox 1094 2753 1284 2811; x_wconf 88' lang='lat' dir='ltr'>dubitantium</span> 
     </span>
     <span class='ocr_line' id='line_1_26' title="bbox 170 2846 1284 2910; baseline -0.002 -4"><span class='ocrx_word' id='word_1_238' title='bbox 170 2846 326 2909; x_wconf 88' lang='lat' dir='ltr'>sententias</span> <span class='ocrx_word' id='word_1_239' title='bbox 361 2866 457 2907; x_wconf 90' lang='lat' dir='ltr'>rcrum</span> <span class='ocrx_word' id='word_1_240' title='bbox 483 2850 657 2908; x_wconf 90' lang='lat' dir='ltr'>mirabilium</span> <span class='ocrx_word' id='word_1_241' title='bbox 687 2848 773 2908; x_wconf 90' lang='lat' dir='ltr'>fidem</span> <span class='ocrx_word' id='word_1_242' title='bbox 794 2854 920 2908; x_wconf 88' lang='lat' dir='ltr'>tutatum</span> <span class='ocrx_word' id='word_1_243' title='bbox 941 2867 1013 2910; x_wconf 88' lang='lat' dir='ltr'>esse.</span> <span class='ocrx_word' id='word_1_244' title='bbox 1059 2847 1144 2909; x_wconf 82' lang='lat' dir='ltr'>Unde</span> <span class='ocrx_word' id='word_1_245' title='bbox 1165 2849 1284 2907; x_wconf 90' lang='lat' dir='ltr'>Photius</span> 
     </span>
     <span class='ocr_line' id='line_1_27' title="bbox 170 2945 1284 3020; baseline -0.003 -16"><span class='ocrx_word' id='word_1_246' title='bbox 170 2947 343 3020; x_wconf 89' lang='lat' dir='ltr'>praesertim</span> <span class='ocrx_word' id='word_1_247' title='bbox 368 2946 392 3005; x_wconf 91' lang='lat' dir='ltr'>si</span> <span class='ocrx_word' id='word_1_248' title='bbox 418 2947 464 3004; x_wconf 86' lang='lat' dir='ltr'>vel</span> <span class='ocrx_word' id='word_1_249' title='bbox 485 2947 515 3003; x_wconf 93' lang='lat' dir='ltr'>in</span> <span class='ocrx_word' id='word_1_250' title='bbox 535 2946 619 3004; x_wconf 88' lang='lat' dir='ltr'>initio</span> <span class='ocrx_word' id='word_1_251' title='bbox 641 2947 688 3006; x_wconf 85' lang='lat' dir='ltr'>vel</span> <span class='ocrx_word' id='word_1_252' title='bbox 708 2948 739 3006; x_wconf 93' lang='lat' dir='ltr'>in</span> <span class='ocrx_word' id='word_1_253' title='bbox 758 2948 815 3006; x_wconf 91' lang='lat' dir='ltr'>fine</span> <span class='ocrx_word' id='word_1_254' title='bbox 836 2948 1014 3007; x_wconf 86' lang='lat' dir='ltr'>narrationis</span> <span class='ocrx_word' id='word_1_255' title='bbox 1035 2949 1095 3006; x_wconf 89' lang='lat' dir='ltr'>tale</span> <span class='ocrx_word' id='word_1_256' title='bbox 1116 2946 1185 3018; x_wconf 89' lang='lat' dir='ltr'>quid</span> <span class='ocrx_word' id='word_1_257' title='bbox 1206 2945 1284 3002; x_wconf 89' lang='lat' dir='ltr'>inve-</span> 
     </span>
     <span class='ocr_line' id='line_1_28' title="bbox 170 3042 1284 3118; baseline -0.001 -19"><span class='ocrx_word' id='word_1_258' title='bbox 170 3045 267 3114; x_wconf 89' lang='lat' dir='ltr'>nerat,</span> <span class='ocrx_word' id='word_1_259' title='bbox 300 3042 387 3101; x_wconf 85' lang='lat' dir='ltr'>facile</span> <span class='ocrx_word' id='word_1_260' title='bbox 409 3043 446 3101; x_wconf 87' lang='lat' dir='ltr'>ad</span> <span class='ocrx_word' id='word_1_261' title='bbox 468 3059 532 3101; x_wconf 91' lang='lat' dir='ltr'>eam</span> <span class='ocrx_word' id='word_1_262' title='bbox 553 3043 588 3101; x_wconf 93' lang='lat' dir='ltr'>de</span> <span class='ocrx_word' id='word_1_263' title='bbox 609 3044 693 3102; x_wconf 90' lang='lat' dir='ltr'>Lucii</span> <span class='ocrx_word' id='word_1_264' title='bbox 713 3044 788 3103; x_wconf 90' lang='lat' dir='ltr'>libro</span> <span class='ocrx_word' id='word_1_265' title='bbox 810 3046 984 3104; x_wconf 87' lang='lat' dir='ltr'>seutentiam</span> <span class='ocrx_word' id='word_1_266' title='bbox 1005 3044 1158 3118; x_wconf 84' lang='lat' dir='ltr'>pervenire</span> <span class='ocrx_word' id='word_1_267' title='bbox 1179 3042 1284 3115; x_wconf 88' lang='lat' dir='ltr'>potuit,</span> 
     </span>
     <span class='ocr_line' id='line_1_29' title="bbox 171 3137 1286 3215; baseline -0.002 -17"><span class='ocrx_word' id='word_1_268' title='bbox 171 3156 256 3212; x_wconf 81' lang='lat' dir='ltr'>quam</span> <span class='ocrx_word' id='word_1_269' title='bbox 287 3140 425 3212; x_wconf 80' lang='lat' dir='ltr'>scriptam</span> <span class='ocrx_word' id='word_1_270' title='bbox 450 3139 579 3198; x_wconf 83' lang='lat' dir='ltr'>videmus</span> <span class='ocrx_word' id='word_1_271' title='bbox 610 3139 771 3206; x_wconf 77' lang='grc' dir='ltr'>σπουδάζων</span> <span class='ocrx_word' id='word_1_272' title='bbox 803 3140 848 3200; x_wconf 82' lang='grc' dir='ltr'>καὶ</span> <span class='ocrx_word' id='word_1_273' title='bbox 878 3140 993 3204; x_wconf 77' lang='grc' dir='ltr'>πιστὰς</span> <span class='ocrx_word' id='word_1_274' title='bbox 1025 3140 1168 3215; x_wconf 75' lang='grc' dir='ltr'>νομίζων</span> <span class='ocrx_word' id='word_1_275' title='bbox 1189 3139 1236 3202; x_wconf 79' lang='grc' dir='ltr'>τὰς</span> <span class='ocrx_word' id='word_1_276' title='bbox 1257 3137 1286 3204; x_wconf 77' lang='grc' dir='ltr'>ἐξ</span> 
     </span>
     <span class='ocr_line' id='line_1_30' title="bbox 171 3235 1286 3316; baseline -0.002 -21"><span class='ocrx_word' id='word_1_277' title='bbox 171 3236 325 3315; x_wconf 80' lang='grc' dir='ltr'>ἀνθρώπων</span> <span class='ocrx_word' id='word_1_278' title='bbox 358 3237 394 3301; x_wconf 82' lang='grc' dir='ltr'>εἰς</span> <span class='ocrx_word' id='word_1_279' title='bbox 425 3235 560 3313; x_wconf 80' lang='grc' dir='ltr'>ἀλλήλους</span> <span class='ocrx_word' id='word_1_280' title='bbox 592 3237 817 3316; x_wconf 78' lang='grc' dir='ltr'>μεταμορφώσεις</span> <span class='ocrx_word' id='word_1_281' title='bbox 843 3242 902 3298; x_wconf 84' lang='grc' dir='ltr'>κτλ.</span> <span class='ocrx_word' id='word_1_282' title='bbox 944 3238 1025 3311; x_wconf 81' lang='lat' dir='ltr'>Quae</span> <span class='ocrx_word' id='word_1_283' title='bbox 1047 3238 1201 3311; x_wconf 82' lang='lat' dir='ltr'>explicatio</span> <span class='ocrx_word' id='word_1_284' title='bbox 1223 3252 1286 3293; x_wconf 84' lang='lat' dir='ltr'>cum</span> 
     </span>
     <span class='ocr_line' id='line_1_31' title="bbox 172 3333 1286 3419; baseline -0.002 -27"><span class='ocrx_word' id='word_1_285' title='bbox 172 3339 203 3392; x_wconf 88' lang='lat' dir='ltr'>et</span> <span class='ocrx_word' id='word_1_286' title='bbox 233 3339 370 3393; x_wconf 85' lang='lat' dir='ltr'>accurata</span> <span class='ocrx_word' id='word_1_287' title='bbox 401 3335 641 3419; x_wconf 83' lang='lat' dir='ltr'>interpretatione</span> <span class='ocrx_word' id='word_1_288' title='bbox 670 3338 833 3408; x_wconf 88' lang='lat' dir='ltr'>postuletur</span> <span class='ocrx_word' id='word_1_289' title='bbox 864 3341 893 3394; x_wconf 91' lang='lat' dir='ltr'>et</span> <span class='ocrx_word' id='word_1_290' title='bbox 923 3335 990 3394; x_wconf 90' lang='lat' dir='ltr'>falsi</span> <span class='ocrx_word' id='word_1_291' title='bbox 1017 3335 1155 3394; x_wconf 89' lang='lat' dir='ltr'>Photiani</span> <span class='ocrx_word' id='word_1_292' title='bbox 1186 3333 1286 3392; x_wconf 88' lang='lat' dir='ltr'>iudicii</span> 
     </span>
     <span class='ocr_line' id='line_1_32' title="bbox 172 3431 1286 3506; baseline -0.002 -16"><span class='ocrx_word' id='word_1_293' title='bbox 172 3447 286 3490; x_wconf 89' lang='lat' dir='ltr'>causam</span> <span class='ocrx_word' id='word_1_294' title='bbox 319 3431 426 3503; x_wconf 90' lang='lat' dir='ltr'>optime</span> <span class='ocrx_word' id='word_1_295' title='bbox 457 3433 604 3504; x_wconf 87' lang='lat' dir='ltr'>explanet,</span> <span class='ocrx_word' id='word_1_296' title='bbox 632 3449 683 3505; x_wconf 84' lang='lat' dir='ltr'>ego</span> <span class='ocrx_word' id='word_1_297' title='bbox 716 3439 779 3490; x_wconf 89' lang='lat' dir='ltr'>eam</span> <span class='ocrx_word' id='word_1_298' title='bbox 807 3451 860 3506; x_wconf 90' lang='lat' dir='ltr'>pro</span> <span class='ocrx_word' id='word_1_299' title='bbox 881 3449 949 3490; x_wconf 85' lang='lat' dir='ltr'>vero</span> <span class='ocrx_word' id='word_1_300' title='bbox 971 3433 1079 3491; x_wconf 88' lang='lat' dir='ltr'>habere</span> <span class='ocrx_word' id='word_1_301' title='bbox 1099 3448 1156 3492; x_wconf 91' lang='lat' dir='ltr'>non</span> <span class='ocrx_word' id='word_1_302' title='bbox 1177 3432 1286 3498; x_wconf 91' lang='lat' dir='ltr'>dubito,</span> 
     </span>
     <span class='ocr_line' id='line_1_33' title="bbox 171 3529 1286 3604; baseline -0.002 -16"><span class='ocrx_word' id='word_1_303' title='bbox 171 3529 343 3602; x_wconf 89' lang='lat' dir='ltr'>praesertim</span> <span class='ocrx_word' id='word_1_304' title='bbox 375 3545 439 3587; x_wconf 92' lang='lat' dir='ltr'>cum</span> <span class='ocrx_word' id='word_1_305' title='bbox 464 3529 551 3587; x_wconf 92' lang='lat' dir='ltr'>etiam</span> <span class='ocrx_word' id='word_1_306' title='bbox 572 3529 639 3587; x_wconf 91' lang='lat' dir='ltr'>aliis</span> <span class='ocrx_word' id='word_1_307' title='bbox 659 3531 837 3602; x_wconf 81' lang='lat' dir='ltr'>argumentis</span> <span class='ocrx_word' id='word_1_308' title='bbox 856 3530 967 3589; x_wconf 86' lang='lat' dir='ltr'>firmari</span> <span class='ocrx_word' id='word_1_309' title='bbox 988 3532 1095 3604; x_wconf 86' lang='lat' dir='ltr'>possit,</span> <span class='ocrx_word' id='word_1_310' title='bbox 1127 3531 1163 3590; x_wconf 93' lang='lat' dir='ltr'>de</span> <span class='ocrx_word' id='word_1_311' title='bbox 1184 3531 1286 3602; x_wconf 88' lang='lat' dir='ltr'>quibus</span> 
     </span>
     <span class='ocr_line' id='line_1_34' title="bbox 171 3627 508 3685; baseline 0.003 -1"><span class='ocrx_word' id='word_1_312' title='bbox 171 3627 250 3685; x_wconf 88' lang='lat' dir='ltr'>infra</span> <span class='ocrx_word' id='word_1_313' title='bbox 271 3627 422 3685; x_wconf 90' lang='lat' dir='ltr'>dicendum</span> <span class='ocrx_word' id='word_1_314' title='bbox 443 3627 508 3685; x_wconf 88' lang='lat' dir='ltr'>erit.</span> 
     </span>
    </p>

    <p class='ocr_par' dir='ltr' id='par_1_7' title="bbox 251 3724 1288 3798">
     <span class='ocr_line' id='line_1_35' title="bbox 251 3724 1288 3798; baseline -0.003 -14"><span class='ocrx_word' id='word_1_315' title='bbox 251 3724 386 3784; x_wconf 90' lang='lat' dir='ltr'>Vidimus</span> <span class='ocrx_word' id='word_1_316' title='bbox 418 3741 453 3782; x_wconf 85' lang='lat' dir='ltr'>ex</span> <span class='ocrx_word' id='word_1_317' title='bbox 474 3724 573 3781; x_wconf 91' lang='lat' dir='ltr'>Photii</span> <span class='ocrx_word' id='word_1_318' title='bbox 604 3724 750 3783; x_wconf 87' lang='lat' dir='ltr'>sententia</span> <span class='ocrx_word' id='word_1_319' title='bbox 780 3725 853 3782; x_wconf 90' lang='lat' dir='ltr'>nihil</span> <span class='ocrx_word' id='word_1_320' title='bbox 885 3725 964 3783; x_wconf 87' lang='lat' dir='ltr'>aliud</span> <span class='ocrx_word' id='word_1_321' title='bbox 988 3740 1072 3798; x_wconf 88' lang='lat' dir='ltr'>posse</span> <span class='ocrx_word' id='word_1_322' title='bbox 1093 3725 1199 3797; x_wconf 82' lang='lat' dir='ltr'>colligi,</span> <span class='ocrx_word' id='word_1_323' title='bbox 1230 3724 1288 3781; x_wconf 88' lang='lat' dir='ltr'>nisi</span> 
     </span>
    </p>
   </div>
   <div class='ocr_carea' id='block_1_7' title="bbox 172 3822 1401 3895">
    <p class='ocr_par' dir='ltr' id='par_1_8' title="bbox 172 3822 1401 3895">
     <span class='ocr_line' id='line_1_36' title="bbox 172 3822 1401 3895; baseline -0.003 -15"><span class='ocrx_word' id='word_1_324' title='bbox 172 3823 351 3895; x_wconf 89' lang='lat' dir='ltr'>temporibus</span> <span class='ocrx_word' id='word_1_325' title='bbox 383 3823 443 3881; x_wconf 91' lang='lat' dir='ltr'>eius</span> <span class='ocrx_word' id='word_1_326' title='bbox 474 3829 620 3882; x_wconf 87' lang='lat' dir='ltr'>servatum</span> <span class='ocrx_word' id='word_1_327' title='bbox 651 3824 740 3882; x_wconf 81' lang='lat' dir='ltr'>fuisse</span> <span class='ocrx_word' id='word_1_328' title='bbox 766 3824 895 3882; x_wconf 89' lang='lat' dir='ltr'>libellum</span> <span class='ocrx_word' id='word_1_329' title='bbox 927 3825 1075 3882; x_wconf 88' lang='lat' dir='ltr'>variarum</span> <span class='ocrx_word' id='word_1_330' title='bbox 1096 3822 1286 3880; x_wconf 91' lang='lat' dir='ltr'>mutationum</span> <span class='ocrx_word' id='word_1_331' title='bbox 1399 3872 1401 3876; x_wconf 81' lang='grc'>,</span> 
     </span>
    </p>
   </div>
   <div class='ocr_carea' id='block_1_8' title="bbox 170 3917 1288 3996">
    <p class='ocr_par' dir='ltr' id='par_1_9' title="bbox 170 3917 1288 3996">
     <span class='ocr_line' id='line_1_37' title="bbox 170 3917 1288 3996; baseline -0.001 -20"><span class='ocrx_word' id='word_1_332' title='bbox 170 3918 296 3976; x_wconf 85' lang='lat' dir='ltr'>fabellas</span> <span class='ocrx_word' id='word_1_333' title='bbox 317 3921 517 3988; x_wconf 88' lang='lat' dir='ltr'>continentem,</span> <span class='ocrx_word' id='word_1_334' title='bbox 551 3920 597 3979; x_wconf 89' lang='lat' dir='ltr'>cui</span> <span class='ocrx_word' id='word_1_335' title='bbox 622 3921 790 3994; x_wconf 89' lang='lat' dir='ltr'>inscriptum</span> <span class='ocrx_word' id='word_1_336' title='bbox 812 3926 888 3980; x_wconf 87' lang='lat' dir='ltr'>esset</span> <span class='ocrx_word' id='word_1_337' title='bbox 908 3917 1029 3979; x_wconf 68' lang='lat' dir='ltr'>Aouiioo</span> <span class='ocrx_word' id='word_1_338' title='bbox 1050 3918 1180 3996; x_wconf 78' lang='grc' dir='ltr'>Πατρέως</span> <span class='ocrx_word' id='word_1_339' title='bbox 1201 3938 1288 3992; x_wconf 80' lang='grc' dir='ltr'>μετα-</span> 
     </span>
    </p>
   </div>
   <div class='ocr_carea' id='block_1_9' title="bbox 0 0 1457 4702">
    <p class='ocr_par' dir='ltr' id='par_1_10' title="bbox 0 0 1457 4702">
     <span class='ocr_line' id='line_1_38' title="bbox 0 0 1457 4702; baseline 0 0"><span class='ocrx_word' id='word_1_340' title='bbox 0 0 1457 4702; x_wconf 95' lang='lat' dir='ltr'> </span> 
     </span>
    </p>
   </div>
  </div>
 </body>
</html>
