2902 4702
622 399 821 488 ..6.-

165 591 309 648 nationem
342 590 510 663 patriarcha
536 590 585 647 ille
612 589 793 648 doctissimus
824 594 854 647 et
885 606 1001 662 prorsus
1027 591 1113 649 aliam
1144 591 1280 650 instituit.

166 684 214 744 Sic
241 687 316 744 enim
342 687 436 758 pergit
468 685 513 744 καὶ
544 685 601 763 γάρ
628 686 670 748 ὡς
691 685 744 743 ἀπδ
775 686 894 750 πλάτους
919 690 973 745 τῶν
1005 686 1126 746 Λουκίου
1153 687 1240 763 λόγων
1266 688 1280 745 6

166 781 318 846 Λουκιανός
340 781 527 846 ἀπολεπτύνας
552 781 597 841 καὶ
619 783 765 864 περιελών,
798 782 848 840 ὅσα
870 785 908 859 μὴ
937 783 1025 843 ἐδόκει
1053 784 1128 862 αύτῷ
1147 784 1214 861 πρὸς
1234 786 1281 843 τὸν

167 879 266 938 οἰκεῖον
287 879 408 957 χρήσιμα
430 879 543 952 σκοπόν,
576 879 667 943 αὐταῖς
697 903 727 938 τε
749 879 834 946 λέξεσι
863 881 909 939 καὶ
933 880 1084 947 συντάξεσιν
1109 882 1146 945 εἰς
1170 881 1218 940 ἕνα
1248 882 1282 940 τά

166 976 245 1034 λοιπά
266 976 436 1054 συναρμόσας
457 976 545 1051 λόγον,
571 975 672 1040 Λούκις
692 975 808 1053 ἢὌνος
829 976 978 1055 ἐπέγραψεν
998 977 1029 1035 τὸ
1051 977 1157 1036 ἐκεῖθεν
1178 979 1282 1038 ὑποσυ-

167 1071 259 1149 ληθέν.
306 1074 493 1132 Manifestum
524 1080 582 1142 est,
614 1074 689 1132 sicut
719 1075 790 1132 illud
814 1073 853 1138 τίς
883 1074 941 1151 γὰρ
976 1074 1068 1152 χρόνῳ
1103 1075 1282 1154 πρεσβύτερος

166 1168 242 1229 οὔπω
274 1173 375 1250 ἔχομεν
405 1175 503 1244 γνῶναι
538 1187 653 1229 causam
684 1170 787 1230 afferat
817 1172 898 1230 verbi
928 1173 1128 1246 praecedentis
1159 1172 1282 1246 εἰκάζειν,

166 1270 207 1327 sic
231 1270 285 1327 hoc
306 1268 474 1328 confirmare
499 1270 604 1328 debere
635 1274 806 1341 argumento
833 1270 967 1328 adiuncto
992 1275 1084 1329 totam
1110 1273 1283 1328 sententiam

165 1366 398 1439 praecedentem,
431 1372 571 1437 quaeest
602 1367 637 1425 de
673 1367 758 1425 Lucii
787 1367 965 1438 Lucianiquo
996 1367 1111 1437 ordine,
1144 1369 1216 1426 ἔοικε
1253 1367 1283 1424 δὲ

168 1465 275 1537 μᾶλλον
304 1463 318 1520 6
340 1462 492 1526 Λουκιανὸς
523 1462 728 1540 μεταγράροντιΙ
751 1463 814 1521 ὅσον
844 1463 968 1536 εἰκάζειν,
1000 1464 1122 1536 ideoque
1148 1464 1282 1522 Plotium

166 1560 245 1631 inde,
279 1560 355 1630 quod
375 1560 537 1618 Lucianum
563 1561 807 1620 animadverterat
838 1562 975 1620 nonnulla
1006 1579 1041 1619 ex
1066 1561 1152 1620 Lucii
1177 1561 1282 1619 latiore

166 1654 265 1713 fabula
289 1657 452 1728 sustulisse,
485 1674 558 1729 qnae
584 1657 622 1715 ad
645 1674 707 1716 rem
733 1659 824 1732 ipsam
849 1658 1013 1717 necessaria
1039 1675 1101 1717 esse
1128 1675 1184 1716 non
1204 1658 1283 1716 vide·

167 1758 283 1823 rentur,
315 1753 437 1811 Lucium
457 1771 481 1831 'a
505 1754 636 1813 Luciano
670 1755 844 1827 exscriptum
875 1771 938 1814 esse
968 1755 1127 1827 collegisse.
1180 1754 1284 1813 Audax

168 1866 241 1908 sane
268 1851 412 1909 conclusio
439 1867 530 1922 neque
555 1854 676 1910 multum
702 1852 915 1925 probabilitatis
941 1869 1011 1925 prae
1037 1870 1067 1911 se
1088 1853 1196 1924 ferens;
1228 1852 1284 1910 nisi

169 1945 246 2006 forte
267 1965 331 2005 cnm
344 1948 464 2007 Rohdeo
486 1954 620 2021 putamus
642 1950 673 2024 (l.
691 1967 715 2008 o.
737 1969 765 2024 p.
789 1950 847 2026 9)¹)
869 1967 926 2008 non
940 1967 975 2007 ea
999 1950 1082 2008 nobis
1103 1948 1284 2021 respicienda

76 2121 79 2129 .
170 2061 232 2104 esse
252 2044 352 2103 Photii
377 2052 547 2118 argumenta
570 2048 760 2120 debilissima,
794 2065 868 2119 quae
888 2049 948 2121 ipse
970 2047 1114 2112 attulerit.
1149 2046 1200 2104 sed
1221 2062 1283 2103 cer·

168 2141 282 2200 tissima
301 2142 367 2211 illa,
399 2158 472 2213 quae
494 2143 555 2200 sine
576 2144 662 2202 dubio
683 2149 798 2216 praesto
821 2146 848 2201 ei
869 2143 988 2216 fuerint,
1022 2145 1073 2202 sed
1094 2160 1158 2201 cum
1180 2143 1282 2200 damno

169 2244 269 2298 nostro
291 2241 326 2297 ab
349 2256 381 2297 eo
402 2240 460 2296 sint
481 2223 595 2299 silentio
616 2242 828 2313 praetermissa.
871 2242 950 2312 Quae
972 2258 1035 2298 cnm
1062 2242 1105 2298 ita
1126 2241 1193 2310 sint,
1215 2255 1284 2311 quo-

169 2337 248 2393 niam
262 2335 361 2394 Photii
381 2337 518 2395 iudicium
539 2337 595 2394 nisi
616 2338 645 2394 in
667 2337 721 2401 eis,
745 2352 818 2407 quae
838 2337 1006 2407 unicuique,
1029 2337 1077 2406 qui
1097 2337 1151 2393 hos
1171 2336 1285 2394 libellos

169 2433 294 2505 legeret,
321 2434 414 2506 primo
441 2435 543 2492 obtutu
569 2438 765 2505 occurrerent,
797 2449 854 2490 non
879 2434 1000 2491 multum
1024 2433 1209 2490 auctoritatis
1230 2433 1286 2490 sibi

170 2546 309 2602 arrogare
340 2547 423 2603 posse
454 2535 533 2588 recte
565 2531 709 2602 cognitum
741 2535 794 2600 est,
825 2531 882 2587 iam
903 2531 941 2588 ad
961 2534 1120 2588 extremam
1141 2530 1202 2587 eius
1223 2546 1287 2588 sen·

170 2628 295 2686 tentiam
316 2628 499 2699 accedamus,
531 2644 586 2700 qua
607 2628 670 2699 agit
691 2627 726 2684 de
747 2628 859 2686 diverso
881 2628 982 2685 horum
1004 2627 1125 2684 duorum
1146 2626 1286 2685 librorum

171 2725 299 2784 oonsilio,
341 2726 414 2784 Sunt
436 2730 532 2783 autem
558 2725 646 2782 verba
670 2726 742 2783 haec
765 2725 835 2800 πλὴν
861 2724 875 2781 6
898 2723 947 2798 μὲν
974 2723 1126 2787 Λουκιανὸς
1153 2724 1286 2782 σκώπτων

171 2822 217 2881 καὶ
244 2820 376 2898 διασύρων
402 2823 451 2899 τὴν
474 2820 639 2898 Ἑλληνικὴν
666 2821 884 2897 δεισιδαιμονίαν,
917 2821 1007 2899 ὥσπερ
1030 2820 1080 2880 κάν
1106 2824 1161 2884 τοῖς
1186 2819 1285 2892 ἄλλοις,

171 2918 218 2977 καὶ
238 2921 333 2977 τούτον
354 2917 520 2988 συνέταττεν,
542 2918 557 2975 6
578 2917 608 2975 δὲ
629 2916 747 2981 Λούκιος
767 2917 925 2983 σπουδάζων
942 2941 972 2976 τε
993 2917 1039 2977 καὶ
1058 2917 1151 2980 πιστάς
1172 2917 1287 2992 νομίζων

171 3016 218 3081 τὰς
244 3014 271 3081 ἐξ
293 3015 446 3092 ἀνθρώπων
469 3014 505 3078 εἰς
531 3014 666 3091 ἀλλήλους
692 3015 916 3092 μεταμορφώσεις
941 3014 990 3078 τάς
1016 3036 1047 3071 τε
1072 3012 1100 3079 ἐξ
1119 3014 1224 3088 ἀλόγων
1251 3014 1288 3077 εἰς

173 3113 336 3191 ἀνθρώπους
356 3112 402 3171 καὶ
423 3112 552 3171 ἀνάπαλιν
574 3112 620 3172 καὶ
639 3113 685 3170 τδν
701 3111 782 3171 άλλον
803 3116 858 3169 τῶν
879 3115 1000 3171 παλαιῶν
1021 3111 1117 3188 μύθων
1138 3111 1222 3171 ttici
1243 3111 1288 3171 καὶ

172 3210 313 3288 ρλήναρον
334 3211 425 3287 γραφῇ
445 3209 589 3287 παρεδίδου
611 3211 695 3267 ταῦτα
715 3209 761 3268 καὶ
775 3209 939 3287 συνύφαινεν.
978 3210 1050 3282 Agit
1062 3211 1155 3282 igitur
1167 3209 1288 3268 Plotius
1352 3207 1356 3212 Α

171 3309 296 3380 primum
323 3307 359 3365 de
380 3308 469 3366 Asino
490 3308 637 3366 Lucianeo
659 3325 779 3379 eumque
805 3308 880 3366 sicut
900 3313 1012 3366 ceteros
1038 3308 1100 3366 eins
1120 3307 1178 3367 viri
1198 3308 1288 3365 libros

172 3421 207 3463 eo
229 3404 347 3463 consilio
362 3404 551 3476 compositum
573 3420 635 3462 esse
648 3402 783 3474 affirmat,
804 3409 837 3461 nt
856 3404 975 3462 nimiam
990 3403 1167 3462 Graecorum
1188 3421 1287 3477 super·

172 3501 318 3560 stitionem
348 3500 493 3559 irrideret.
543 3502 604 3573 Quo
630 3501 737 3559 iudicio
769 3502 964 3574 patriarcham
990 3501 1155 3561 foedissime
1175 3503 1287 3574 lapsum

246 3721 267 3789 ¹)
288 3721 388 3788 „Wena
416 3721 464 3773 wir
482 3722 555 3774 comit
573 3721 661 3774 Ιιιίιιιιι
681 3722 777 3775 Grood
798 3722 935 3789 erkeaneo,
964 3722 1005 3774 die
1022 3723 1145 3791 positivam
1164 3722 1288 3790 Ακραόειι

174 3810 217 3863 dcc
236 3810 342 3863 Plotiae
363 3810 390 3861 ιἰι
407 3809 499 3878 ι’νριιιά
521 3810 599 3862 cirtem
618 3809 718 3863 Puakte
741 3829 775 3864 aa
793 3811 950 3878 heraclida,
978 3827 1005 3863 so
1027 3810 1130 3862 werden
1153 3811 1201 3862 coir
1219 3809 1285 3862 υιιοΙι

171 3899 271 3966 yeneipt
287 3899 340 3951 sem
358 3899 466 3967 metisca,
487 3899 534 3960 scir
553 3899 593 3950 die
612 3898 755 3963 Απιιαλιιιε,
779 3900 838 3952 dosa
858 3900 951 3952 Lucios
969 3899 1016 3951 der
1035 3898 1116 3950 littere
1135 3898 1182 3950 der
1200 3897 1288 3950 beiden

174 3984 360 4056 Sckmftsteller
377 3987 425 4054 aci,
447 3987 538 4054 irpead
559 3987 652 4039 welche
670 3987 847 4056 omotnftiqea
867 3987 974 4040 Grtinde
992 3991 1219 4050 υοιαιιιειιοειεειι,
1246 3983 1287 4036 die

174 4082 278 4128 errator
296 4093 331 4128 αα
349 4077 437 4128 melleo
455 4075 590 4143 οινρεόειιο
610 4075 686 4128 Μάλα
706 4076 799 4130 iocis-cf
