2902 4702
641 352 937 434 -aa-'

194 564 336 632 venisset,
358 563 461 621 deinde
483 563 559 635 quod
580 562 652 621 haec
673 564 768 621 omnia
789 563 931 621 altissima
950 568 1035 621 nocte
1057 565 1137 621 faeta
1158 580 1222 622 esse
1243 580 1311 622 nar-

197 666 309 730 rantur,
332 659 410 717 baud
430 660 537 717 iniuste
559 660 659 717 mirari
679 675 836 732 possumne,
860 659 999 730 quomodo
1020 661 1051 717 in
1065 659 1171 718 stabuli
1185 662 1313 719 tenebris

196 758 294 816 asinus
313 774 394 815 rosas
415 757 515 815 statim
536 756 683 828 aspexerit
704 761 735 814 et
755 756 886 814 servulus
908 755 995 814 noctu
1012 757 1138 827 vigilans
1152 758 1227 815 asini
1240 756 1311 816 faci·

197 871 250 912 nus
281 855 416 914 viderit.“
460 855 538 924 Quae
571 858 731 911 commenta
756 854 916 911 rectissime
937 852 1154 911 Goldbacberus
1180 855 1312 926 explosit,

196 953 259 1024 ipse
286 957 385 1008 tamen
404 949 532 1007 firmiora
556 966 613 1007 non
639 950 758 1008 invenit.
793 950 889 1021 Atque
910 955 1006 1007 tamen
1026 949 1163 1009 facillime
1182 951 1313 1009 invenire

197 1048 306 1122 potuit,
337 1048 364 1111 si
383 1047 489 1119 Apulei
510 1046 708 1118 ,Lucianique‘
735 1047 931 1104 narrationem
952 1049 1087 1103 accurate
1108 1052 1313 1118 comparasset.

197 1145 321 1203 Fabella
342 1143 419 1202 enim
439 1143 490 1200 illa
503 1142 608 1214 Apulei
629 1143 659 1199 in
680 1147 763 1199 textu
776 1142 922 1200 Lucianeo
943 1157 1000 1200 non
1021 1142 1193 1214 simpliciter
1207 1144 1314 1202 omissa

199 1248 258 1311 est,
285 1241 337 1300 sed
357 1241 434 1298 illius
454 1241 517 1297 loco
539 1240 598 1296 alia
619 1243 740 1310 exstant,
762 1240 814 1296 illa
834 1240 954 1307 scilicet,
976 1256 1050 1310 quae
1071 1256 1159 1311 supra
1180 1245 1314 1299 accurate

200 1338 441 1412 pertractavimus
467 1338 551 1394 ταῦτα
571 1334 621 1411 γὰρ
643 1334 766 1393 ἐνενόουν
780 1352 867 1407 usque
882 1336 920 1394 ad
933 1335 1045 1412 ἠγνόουν
1057 1336 1088 1393 τὸ
1103 1336 1204 1410 μέλλον
1218 1338 1312 1396 κακόν,

198 1435 283 1494 Haeo
304 1434 340 1492 ab
363 1438 532 1506 excerptore
553 1432 589 1490 de
602 1433 725 1506 genuina
744 1433 836 1492 forma
857 1433 981 1503 deflexa,
1008 1435 1044 1491 ab
1066 1434 1190 1506 Apuleio
1212 1440 1314 1493 contra

200 1532 307 1590 omissa
328 1546 391 1589 esse
411 1547 495 1588 nemo
517 1535 595 1589 certe
616 1532 744 1604 negabit.
786 1533 865 1604 Quae
896 1533 922 1590 si
943 1532 980 1590 ad
1000 1531 1123 1592 Lucium
1143 1533 1314 1592 Patrensem

199 1630 379 1699 referuntur,
411 1628 595 1702 Apuleianae
624 1631 740 1689 fabulae
771 1631 829 1688 iam
854 1646 993 1703 nusquam
1018 1632 1098 1689 locus
1119 1631 1238 1688 relictus
1260 1636 1312 1688 ast.

199 1727 300 1799 Neque
321 1728 396 1784 enim
416 1729 446 1784 in
467 1728 531 1799 ipsa
551 1729 655 1785 barum
675 1729 884 1786 sententiarum
898 1730 973 1786 serie
986 1729 1095 1787 inserta
1106 1728 1195 1785 fuisse
1207 1732 1314 1799 potest,

200 1824 306 1896 quippe
337 1839 410 1895 quae
441 1840 538 1882 omnes
569 1825 645 1882 inter
676 1841 707 1883 se
733 1826 878 1883 a1tissime
906 1830 992 1896 aptae
1014 1825 1227 1896 colligataeque
1247 1824 1314 1892 sint,

200 1935 292 1991 neque
323 1921 354 1976 in
386 1919 442 1978 fine
469 1921 616 1993 apposita,
646 1937 710 1980 cum
731 1923 821 1979 verba
841 1920 955 1997 ἠγνόουν
976 1921 1007 1977 τὸ
1029 1921 1129 1996 μέλλον
1150 1919 1236 1979 κακόν
1258 1921 1315 1978 iam

201 2018 401 2089 insequentem
426 2022 559 2089 spectent
578 2018 723 2076 latronum
742 2018 944 2090 irruptionem,
977 2033 1069 2089 neque
1090 2017 1212 2088 denique
1233 2016 1315 2075 initio

203 2114 376 2188 praemissa,
409 2131 473 2173 cum
505 2115 698 2186 querimoniae
729 2115 825 2173 ruditu
856 2115 907 2173 illo
928 2115 1115 2188 praecedenti
1134 2118 1235 2187 aperte
1256 2115 1317 2171 sint

206 2211 334 2270 effectae.
366 2211 466 2282 Neque
487 2212 600 2269 omnino
620 2228 668 2270 res
689 2212 725 2269 ab
746 2210 872 2286 Apuleio
894 2218 1030 2271 narratae
1051 2213 1076 2271 si
1101 2217 1188 2270 antea
1218 2215 1318 2284 gestae

202 2312 308 2379 essent,
331 2307 366 2364 de
387 2308 519 2380 luporum
540 2308 730 2379 similiumque
750 2310 917 2380 bestiarum,
940 2325 1012 2380 qnae
1032 2309 1097 2368 fieri
1116 2314 1246 2382 possent,
1272 2311 1317 2365 in·

202 2405 381 2463 cursionibus
412 2404 632 2477 philosophatus
663 2412 740 2465 esset
770 2407 867 2465 asinus
897 2406 947 2464 sed
974 2406 1009 2464 de
1030 2406 1121 2478 ipsius
1142 2407 1188 2463 sui
1209 2405 1316 2463 servuli

202 2502 382 2578 crudelitate.
413 2500 477 2561 Nec
497 2500 601 2559 desunt
614 2508 794 2573 argumenta,
816 2518 891 2574 qnae
915 2504 1039 2574 probent
1058 2500 1186 2560 fabulam
1200 2501 1237 2559 ab
1253 2503 1315 2574 ipso

199 2579 324 2671 Apuleio
347 2597 507 2656 confectam
528 2614 599 2657 esse.
631 2599 761 2657 Primum
783 2600 859 2657 enim
873 2599 1002 2670 reliquae
1016 2599 1102 2656 Lucii
1117 2599 1315 2670 ,Lucianique‘

201 2695 363 2754 narrationi
383 2701 571 2765 repugnaret,
593 2694 670 2767 quod
689 2696 737 2753 hic
757 2694 888 2753 servulus
907 2695 992 2753 Lucii
1012 2695 1042 2751 in
1063 2695 1176 2753 stabulo
1199 2694 1313 2762 dormit,

202 2808 266 2849 cum
293 2793 323 2848 in
345 2792 450 2849 Graeci
470 2790 600 2868 θεράπων
622 2790 659 2855 εἷς
680 2791 758 2866 (cap.
783 2793 811 2864 l)
831 2793 862 2849 in
883 2792 972 2864 ipsius
993 2791 1078 2850 Lucii
1098 2792 1172 2850 cella
1193 2796 1316 2849 stratum

202 2889 310 2947 habeat
330 2888 408 2963 (cap.
431 2890 458 2958 3,
481 2890 497 2946 7
521 2890 663 2964 extrem).
696 2888 771 2949 Nam
792 2889 933 2962 Apuleius
954 2889 1010 2947 hac
1029 2889 1060 2946 in
1081 2906 1113 2947 re
1133 2889 1248 2947 minime
1263 2889 1319 2947 sibi

206 2990 328 3058 constat,
351 2987 458 3058 qnippe
479 2985 528 3056 qui
549 3001 648 3043 servos
668 2986 762 3057 primo
784 2986 965 3044 omninonon
980 2991 1192 3056 commemoret,
1215 2985 1318 3043 deinde

205 3099 269 3155 cap.
291 3083 330 3139 24
350 3081 435 3140 initio
456 3085 534 3140 tecte
553 3079 700 3152 significet
720 3082 826 3157 (,quae
847 3082 961 3140 itineris
981 3082 1087 3153 ubique
1106 3098 1168 3140 nos
1182 3077 1319 3139 comitan-

205 3177 297 3252 tur“),
318 3182 380 3234 tum
400 3178 432 3236 II
455 3179 490 3235 15
512 3183 666 3250 puerorum
691 3179 866 3237 mentionem
886 3177 976 3236 faciat
995 3179 1026 3237 in
1046 3179 1132 3236 Lucii
1154 3178 1229 3235 cella
1251 3178 1319 3236 dor·

203 3274 361 3346 mientium,
384 3274 505 3346 denique
519 3274 651 3333 hocloco
667 3275 772 3334 afferat
787 3276 957 3345 ,servulum
980 3276 1026 3334 oui
1041 3292 1154 3348 semper
1168 3276 1235 3347 equi
1249 3291 1319 3333 cura

203 3371 339 3430 mandata
359 3372 484 3430 iuerat“.
517 3372 651 3444 Accedit,
673 3372 749 3444 quod
763 3373 818 3432 dea
830 3373 933 3445 Epona
952 3379 1012 3431 tam
1032 3373 1150 3445 propria
1171 3378 1216 3430 est
1229 3373 1318 3430 cultui

203 3468 317 3538 Italico,
338 3475 372 3527 ut
392 3468 733 3528 inGraecaiabulaeam
745 3472 922 3544 appellatam
944 3488 1007 3529 esse
1028 3472 1078 3530 vix
1099 3469 1251 3543 probabile
1271 3471 1318 3528 sit.

285 3566 460 3639 Inrumpunt
489 3572 558 3624 tunc
588 3568 716 3625 latrones
747 3571 777 3626 et
798 3569 992 3641 adpraedam
1012 3568 1185 3640 egerendam
1206 3567 1320 3624 asinum

205 3679 318 3736 quoque
340 3664 471 3735 abigunt.
502 3662 718 3733 Calamitatum,
740 3681 811 3736 quas
822 3665 919 3723 asinus
933 3667 963 3723 in
977 3663 1083 3722 itinere
1097 3679 1251 3737 perpessus
1265 3668 1318 3735 est,

204 3761 361 3834 descriptio
392 3761 422 3818 in
453 3767 575 3833 utroque
609 3760 707 3820 libello
738 3762 884 3820 simillima
916 3766 960 3821 est
992 3761 1092 3835 (Asini
1114 3777 1177 3833 cap.
1202 3759 1319 3818 15-20

203 3856 264 3931 Ap.
279 3857 378 3916 11128
393 3891 431 3902 -
446 3857 491 3917 IV
506 3857 547 3933 8).
577 3857 660 3916 Unus
679 3859 761 3917 locus
782 3875 818 3916 ex
839 3875 875 3917 ea
895 3859 1000 3917 allatus
1021 3863 1064 3916 est
1085 3855 1319 3915 aGoldbachero
1394 3890 1397 3895 -

205 3972 241 4014 ex
263 3956 373 4028 Apulei
394 3955 488 4028 capite
508 3955 555 4014 ΙΠ
577 3957 625 4025 29,
646 3955 695 4014 ubi
716 3956 787 4015 dicit
815 3955 923 4014 Lucius
944 3972 975 4013 se
996 3956 1027 4014 in
1047 3956 1152 4013 itinere
1172 3952 1320 4011 hortulum

207 4055 334 4126 aliquem
358 4058 591 4128 praetereuntem
615 4054 734 4130 vidisse,
766 4055 796 4111 in
816 4070 872 4126 quo
892 4070 977 4112 rosae
997 4051 1147 4125 florerent3
1178 4052 1235 4111 iam
1255 4051 1321 4110 illas
