2902 4702
629 307 851 370 -32-

112 473 115 482 ¹
183 509 244 551 sem
258 494 296 551 ad
317 510 381 551 eam
401 496 575 555 narrationis
595 496 716 556 formam
738 498 856 571 propius
876 500 1038 572 accessisse,
1060 517 1145 572 qnam
1158 503 1300 575 Apuleius

184 591 320 648 ostendit.
363 591 472 651 Verum
494 597 592 652 tamen
613 611 729 667 prorsus
752 612 815 652 cum
836 597 980 669 Kuantio,
1009 599 1058 668 qui
1078 603 1175 658 tamen
1196 616 1300 660 causas

181 705 239 746 nou
260 689 369 758 attulit,
391 690 538 749 consentio
560 693 614 751 hoc
634 694 698 751 1000
718 693 865 765 integram
884 693 1011 752 fabulam
1025 695 1060 754 ab
1075 696 1224 766 ,Luciano‘
1239 715 1297 758 101

181 801 243 844 esse
275 787 463 858 epitomatam
494 790 545 847 sed
576 791 613 847 ab
634 791 755 862 Apuleio
775 797 925 849 mutatam.
968 793 1068 864 Neque
1089 795 1164 852 euim
1185 795 1228 854 ita
1247 813 1296 856 res

179 888 224 941 cst
245 889 425 956 comparata,
447 890 479 943 ut
501 887 584 945 Asini
605 893 706 946 auctor
727 889 768 945 nil
788 889 844 947 nisi
864 889 984 947 Milonis
1005 891 1144 950 avaritiae
1166 892 1293 966 descrip-

178 980 273 1062 tiones
294 983 434 1051 omiserit‚
457 985 586 1054 sedita,
608 988 640 1042 ut
661 1002 758 1044 eornm
778 987 841 1044 loco
863 984 942 1044 aliud
964 988 1107 1049 exhibeat.
1149 990 1294 1049 Nimirum

179 1079 257 1150 apud
271 1080 424 1150 Apuleium
438 1081 508 1140 Milo
529 1099 562 1140 re
583 1099 653 1141 vera
673 1100 779 1142 avaros
800 1088 844 1142 est
862 1085 987 1156 talisque
1009 1086 1191 1157 describitur,
1214 1089 1292 1160 apud

179 1175 358 1248 ‚Luciauum‘
392 1184 493 1236 contra
524 1181 560 1237 ab
580 1179 799 1252 Hypatensibns
824 1198 928 1240 avarus
949 1182 1086 1255 habetur,
1119 1201 1176 1242 non
1196 1190 1294 1245 tamen

179 1279 238 1343 cst,
272 1275 323 1331 sed
353 1276 458 1333 bouum
489 1277 631 1350 hospitem
658 1283 688 1335 et
711 1277 862 1337 liberalem
883 1295 954 1350 erga
974 1279 1096 1338 Lucium
1117 1298 1149 1339 se
1169 1285 1295 1354 praebet

178 1369 273 1445 (capp.
305 1374 416 1430 dextr.
441 1373 532 1448 014).
575 1373 669 1444 Quare
690 1375 762 1432 illud
783 1376 874 1432 solnm
896 1376 1087 1447 quaerendum
1109 1383 1165 1450 est,
1197 1385 1292 1439 utram

179 1466 402 1540 descriptionem
428 1471 458 1526 iu
480 1471 619 1528 communi
641 1473 798 1542 exemplari
822 1471 910 1531 fuisse
933 1490 1109 1534 censeamus.
1140 1475 1234 1549 Quam
1255 1479 1292 1536 ad

177 1583 238 1624 rem
258 1567 471 1626 diiudicandum
484 1585 583 1627 rursus
596 1555 740 1643 Apuleius
755 1586 806 1627 uos
820 1571 946 1642 adiuvat,
961 1572 1068 1643 quippe
1083 1572 1129 1631 cui
1143 1575 1292 1647 proprium

177 1664 223 1732 sit,
245 1670 278 1721 ut
291 1665 316 1722 si
335 1681 420 1735 quam
434 1671 548 1738 partem
562 1666 675 1725 fabulae
689 1667 821 1739 mutavit,
843 1668 898 1746 sibi
912 1685 968 1727 101
983 1673 1104 1737 constet,
1120 1671 1170 1727 sed
1183 1670 1291 1743 prioris

176 1760 285 1820 formae
306 1764 431 1835 vestigia
451 1765 550 1823 multIs
570 1765 643 1823 locis
663 1757 799 1824 reservet.
831 1765 913 1836 Quod
934 1766 989 1823 hoc
1009 1782 1120 1837 quoque
1134 1768 1198 1826 loco
1212 1745 1307 1828 acci?

176 1859 227 1919 dit.
260 1861 308 1918 Illi
328 1863 404 1918 enim
417 1862 536 1920 Milonis
554 1863 741 1936 descriptioni
756 1878 818 1920 cum
833 1867 934 1935 aperte
948 1867 1101 1935 repugnat.
1123 1858 1200 1934 quod
1217 1866 1289 1924 dicit
1350 1849 1354 1856 ¹

89 1973 92 1979 ·
175 1956 284 2016 Lucius
307 1958 337 2015 II
360 1962 376 2017 3
405 1960 561 2029 „Milouem
589 1961 731 2033 hospitem
763 1962 824 2019 sine
849 1962 910 2018 ulla
935 1962 1054 2031 querela
1075 1962 1220 2020 deseram¹⁴
1244 1965 1292 2022 vel

176 2055 240 2112 116
263 2056 365 2128 „probi
380 2057 499 2114 Milonis
520 2058 664 2129 genialem
683 2062 780 2114 torum
800 2058 951 2129 religiosus
972 2059 1114 2131 suspicer,
1135 2062 1196 2116 turn
1217 2059 1289 2119 illud

176 2152 251 2224 quod
284 2154 375 2211 multo
400 2160 467 2227 post
488 2155 562 2212 dixit
582 2155 750 2212 mutationis
770 2171 839 2212 suae
859 2155 964 2226 prioris
984 2155 1042 2212 iam
1064 2155 1170 2214 obIItns
1191 2157 1248 2216 VII
1270 2159 1288 2215 3

177 2251 314 2319 „crimine
334 2251 484 2309 latrocinii
497 2251 529 2308 in
541 2251 685 2323 hospitem
696 2250 766 2308 mihi
781 2251 959 2308 carissimum
974 2252 1171 2323 postulabar“.
1204 2255 1288 2314 Unde

173 2348 203 2405 iu
228 2347 310 2406 libris
339 2348 484 2420 prioribus
504 2349 658 2420 Apuleium
679 2348 877 2406 narrationem
897 2356 1024 2407 mutasse
1044 2348 1206 2421 fontemque
1227 2352 1289 2410 eius

172 2445 291 2503 Milonis
322 2461 416 2503 mores
450 2445 584 2503 similiter
616 2445 800 2517 descripsisse
822 2451 909 2517 atque
929 2443 1018 2504 Asini
1038 2445 1230 2505 fabulatorem
1251 2448 1284 2507 fit

172 2543 416 2605 verisimillimum.
458 2542 555 2614 tluidt>
575 2543 651 2614 quod
665 2545 764 2615 paullo
778 2549 846 2615 post
859 2545 889 2601 iu
903 2544 987 2601 Lucii
1000 2543 1171 2615 Fotidisque
1184 2562 1284 2604 amore

171 2643 404 2713 sermonibusque
426 2643 593 2700 enarrandis
614 2659 713 2700 rursus
735 2643 858 2701 colorem
880 2642 1019 2700 historiae
1040 2640 1182 2715 Apuleius
1203 2660 1286 2715 pror·

171 2756 219 2798 sus
243 2741 374 2798 mutavit.
418 2740 582 2810 ‚Lucienus‘
615 2741 691 2798 euim
715 2740 766 2811 qni
785 2740 841 2798 hoc
860 2740 924 2801 loco
946 2740 1008 2798 siue
1029 2739 1115 2798 dubio
1136 2740 1286 2812 exemplar

170 2855 255 2910 quam
274 2838 440 2896 fidelissime
461 2842 575 2896 secutus
596 2843 653 2907 001,
681 2843 847 2896 constanter
866 2838 959 2895 utitur
979 2837 1197 2895 similitudinum
1212 2852 1281 2908 qua·

169 2936 288 2993 rundam
314 2935 512 3006 ambiguitate.
557 2933 700 3006 Apuleius
726 2940 828 2993 contra
847 2939 967 3007 praeter
985 2934 1172 3006 paucissimos
1191 2933 1280 3004 locos,

169 3032 219 3091 nbi
238 3033 291 3090 illa
311 3032 501 3104 ambiguitate
522 3049 623 3104 parum
636 3033 787 3090 intellecta
800 3033 873 3090 mira
886 3032 1017 3105 protulit,
1026 3030 1050 3106 ¹)
1072 3029 1166 3088 omnia
1179 3034 1281 3101 aperte

167 3129 286 3189 deflexit
307 3131 337 3188 iu
358 3131 511 3188 obscenum
532 3145 622 3201 eoque
643 3131 674 3187 iu
695 3130 790 3188 studio
811 3131 915 3187 mirum
936 3145 1022 3201 quam
1043 3128 1099 3186 sibi
1112 3128 1244 3186 constitit
1264 3146 1282 3187 a

169 3229 263 3300 capite
285 3228 402 3287 secundi
423 3228 491 3284 libri
513 3231 595 3286 sexto
618 3232 646 3286 01
668 3227 791 3300 septimo
812 3244 866 3299 per
886 3232 973 3300 caput
995 3225 1136 3285 decimum
1158 3231 1188 3284 et
1202 3226 1282 3284 deci-

167 3342 245 3383 mum
264 3331 376 3384 sextum
398 3329 428 3382 et
448 3325 603 3397 septimum
623 3340 712 3396 usque
732 3324 769 3382 ad
789 3325 858 3384 libri
879 3324 961 3382 tertii
975 3323 1143 3382 vicesimum
1156 3324 1279 3380 alterum

167 3428 198 3480 01
217 3423 344 3480 tertium.
387 3425 482 3493 Atque
512 3422 589 3481 idem
609 3422 734 3481 studium
756 3427 858 3494 postea
879 3422 967 3480 ctiam
989 3421 1158 3479 obversatur
1177 3420 1208 3478 in
1229 3420 1281 3489 eis,

166 3536 240 3592 qnae
261 3521 296 3578 de
318 3520 409 3578 Gallis
429 3525 533 3578 narrat
553 3518 626 3578 VIII
639 3520 767 3587 23-26,
790 3535 844 3591 quo
867 3526 896 3578 et
916 3519 978 3592 ipso
999 3519 1062 3576 loco
1084 3517 1121 3576 ad
1136 3516 1281 3577 Graecum

164 3618 271 3677 multas
292 3617 485 3676 obscenitates
506 3617 645 3690 Apuleius
666 3617 809 3676 adiunxit.

244 3714 312 3773 Una
332 3715 444 3787 reliqua
464 3720 523 3784 est,
549 3716 585 3773 de
606 3732 663 3787 qua
683 3713 894 3773 decernendum
915 3713 962 3781 sit
985 3712 1020 3772 de
1041 3710 1187 3772 Chaldaeo
1209 3710 1280 3770 Dio·

164 3812 258 3884 phane
281 3812 395 3883 1011110,
409 3829 493 3885 quam
513 3810 656 3885 Apuleius
677 3813 795 3870 exhibet
814 3812 986 3871 1110-14.
1021 3810 1069 3868 De
1089 3811 1143 3867 hac
1164 3823 1277 3881 quoque

236 3962 257 4030 Ι)
277 3959 354 4016 sicut
371 3960 443 4016 rnun
464 3959 585 4032 10κο,ιο
606 3958 676 4020 oasa
695 3958 805 4012 00100
825 3957 964 4032 erepebat
983 3931 1277 4014 0101010111

165 4049 248 4119 „felix
267 4051 311 4104 cni
329 4051 489 4119 permiseris
508 4048 575 4105 illuc
587 4049 746 4118 (0011100111
758 4049 944 4119 pulmentum)
959 4048 1101 4119 digitum
1112 4044 1267 4114 intingere“
