2902 4702
173 1098 269 1208 Lucii
290 1149 403 1207 iuvenis
424 1150 454 1207 in
469 1150 588 1206 Asinum
604 1151 707 1207 mutati
733 1151 799 1207 miri
820 1149 953 1220 variique
975 1166 1057 1207 casus
1078 1150 1189 1208 duobus
1209 1150 1292 1209 libris

174 1248 257 1305 nobis
277 1247 380 1304 traditi
402 1251 480 1318 sunt,
509 1247 611 1316 Asino,
644 1247 692 1316 qui
717 1245 822 1318 fertur,
849 1246 994 1304 Lucianeo
1016 1246 1176 1318 Apuleique
1197 1249 1292 1306 Meta·

175 1343 382 1415 morphosibns.
425 1343 563 1401 Eiusdem
584 1343 748 1415 argumenti
769 1343 886 1401 tertiam
913 1343 1108 1402 narrationem
1131 1345 1291 1403 exhibitam

171 1438 259 1498 fuisse
281 1441 311 1496 in
332 1440 416 1497 Lucii
442 1440 588 1498 cuiusdam
607 1439 757 1498 Patrensis
777 1438 1049 1512 Metamorphoseoin
1076 1441 1159 1499 libris
1181 1443 1291 1501 duobus

174 1537 319 1610 prioribus
340 1538 425 1595 testis
446 1543 490 1596 est
504 1536 624 1595 Photius
644 1538 675 1594 11
700 1537 761 1595 111.
787 1538 852 1596 129.
894 1538 939 1596 De
959 1538 1082 1608 ratione,
1104 1555 1177 1609 quae
1199 1541 1290 1598 inter-

175 1634 290 1692 cederet
304 1636 380 1693 11111
394 1636 445 1692 hos
460 1641 519 1692 tres
537 1635 660 1705 libellos,
676 1635 759 1691 multi
780 1650 867 1705 saepe
882 1635 939 1692 viri
953 1635 1031 1692 docti
1044 1636 1134 1693 verba
1148 1637 1289 1694 fecerunt.

173 1730 230 1790 Sed
252 1738 321 1803 quot
342 1733 446 1806 capita,
468 1737 514 1790 tot
528 1748 633 1790 sensns.
675 1732 758 1791 Unde
779 1732 892 1789 dubitet
911 1732 1036 1790 fortasse
1051 1733 1202 1804 quispiam,
1224 1750 1291 1791 num

173 1830 287 1886 omnino
312 1829 384 1887 haec
414 1847 462 1887 res
493 1833 573 1887 recte
608 1828 761 1886 diiudicari
795 1829 886 1900 possit
917 1845 952 1886 ac
983 1845 1039 1886 non
1065 1830 1161 1900 potius
1191 1831 1221 1886 in
1247 1832 1290 1889 eis

173 1927 388 1996 quaestionibus
402 1925 580 1983 numeranda
600 1927 638 1981 sit
658 1940 716 1981 non
736 1925 846 1996 paucis,
867 1940 940 1995 qnae
962 1925 1061 1982 111111
1083 1925 1288 1996 probabilitate

171 2024 202 2079 in
224 2022 351 2081 diversas
371 2027 471 2095 partes
490 2022 681 2093 disputentur.
700 2019 798 2092 ¹Quod
820 2037 874 2092 ego
896 2037 977 2079 secus
991 2021 1134 2080 existimo.
1169 2024 1289 2082 Dissen-

171 2121 262 2177 tiendi
284 2120 358 2176 enim
380 2134 467 2175 causa
486 2118 517 2174 in
537 2134 571 2175 eo
597 2118 720 2176 manime
746 2119 841 2190 posita
867 2135 929 2177 esse
955 2119 1026 2176 mihi
1051 2119 1179 2187 videtur,
1212 2121 1288 2193 qnod

170 2216 299 2287 plerique
325 2216 429 2273 omissa
456 2215 612 2286 quaerendi
633 2214 796 2273 subtilitate
818 2232 912 2273 meres
934 2216 1114 2274 coniecturas
1139 2218 1285 2277 fuderunt.

169 2312 297 2385 Quorum
319 2311 485 2383 sententias,
502 2327 565 2370 cum
585 2327 702 2385 prorsus
716 2313 823 2370 nullam
845 2313 1050 2372 auctoritatem
1071 2330 1211 2387 arrogare
1232 2315 1287 2374 sibi

168 2411 286 2484 possint,
309 2427 372 2468 meo
392 2411 455 2468 iure
475 2410 545 2467 mihi
565 2410 666 2467 videor
686 2427 770 2481 posse
792 2411 937 2470 omittere.
979 2412 1025 2468 Ex
1048 2412 1215 2483 cleantem,
1238 2415 1287 2484 qui

168 2509 332 2580 diligentius
356 2508 431 2565 banc
457 2524 518 2565 rem
548 2511 759 2579 tractaverunt,
793 2509 929 2580 permulti
960 2509 991 2565 11
1022 2525 1056 2566 11
1084 2516 1284 2582 peccaverunt,

167 2607 243 2676 quod
265 2623 283 2663 a
304 2605 389 2663 nimis
403 2605 522 2663 incertis
536 2604 627 2673 initiis
642 2605 850 2676 disputationes
864 2609 894 2663 et
907 2606 1036 2663 rationes
1050 2622 1117 2664 suas
1131 2607 1284 2667 duxerunt.

166 2705 267 2773 Neque
310 2703 385 2758 enim
426 2702 461 2758 ab
496 2701 537 2758 eis
572 2700 681 2757 duobus
715 2701 831 2772 libellis,
875 2701 923 2772 qui
959 2702 1124 2759 etiamnunc
1158 2710 1282 2776 exstant,

167 2800 321 2871 diligenter
342 2797 543 2855 examinandis
563 2797 689 2869 profecti
703 2802 778 2866 sunt,
800 2797 851 2855 sed
872 2797 1003 2856 anotii
1024 2798 1060 2856 11
1081 2799 1162 2857 bucii
1176 2799 1282 2859 Lucia-

166 2899 251 2969 nique
270 2898 410 2954 librorum
432 2895 532 2954 111111
560 2899 590 2952 11
610 2895 815 2968 compositione
841 2896 947 2954 1111111
973 2896 1046 2954 satis
1071 2898 1230 2970 negligenti
1255 2904 1284 2956 et

163 2997 218 3055 sibi
244 2996 301 3067 ipsi
322 2995 351 3050 iu
378 2993 476 3050 multis
501 2992 588 3050 rebus
618 3008 719 3066 parum
751 3000 907 3051 constante.
951 2994 1017 3054 Nou
1042 2995 1146 3052 mirum
1174 2996 1229 3053 tali
1253 2996 1282 3054 in

163 3094 347 3151 fundamento
369 3108 426 3149 non
458 3096 554 3149 certas
574 3091 732 3161 firmasque
752 3091 911 3149 sententias
932 3098 1094 3150 exstructas
1122 3110 1198 3164 esse,
1232 3092 1283 3151 sed

162 3192 321 3249 levissimas
358 3189 541 3262 opinationes
566 3189 603 3246 ab
629 3188 695 3246 aliis
720 3189 808 3246 aliter
833 3189 929 3247 fictas.
972 3189 1053 3247 Sicut
1075 3187 1280 3262 Wielandius¹)

163 3289 288 3347 Asinum
302 3287 479 3346 Lucianeum
500 3292 600 3360 postea
615 3288 651 3344 ab
667 3287 781 3344 homine
795 3287 892 3344 nescio
914 3303 969 3357 quo
991 3303 1080 3359 usque
1101 3288 1139 3345 ad
1161 3287 1281 3345 duorum

162 3387 301 3443 librorum
323 3385 461 3442 ambitum
483 3385 636 3442 dilatatum
658 3401 734 3450 esse,
757 3383 936 3458 Gourierus2)
960 3390 990 3441 et
1010 3385 1130 3442 Asinum
1156 3390 1186 3442 et
1210 3384 1281 3442 duos

163 3483 229 3540 ilios
251 3483 524 3555 Metamorphoseon
544 3482 634 3539 libros
655 3482 692 3538 ab
718 3481 817 3539 eodem
838 3481 929 3539 Lucio
950 3480 1086 3541 Patrensi
1108 3482 1280 3556 compositos

166 3596 238 3648 esse,
260 3579 423 3652 Robdeus³)
444 3580 558 3637 asinum
572 3579 720 3650 perediam
734 3579 840 3653 prioris
861 3578 983 3639 alicuius
997 3585 1027 3638 et
1040 3581 1181 3651 longioris
1195 3579 1280 3636 Lucii

235 3746 256 3818 ¹)
276 3747 542 3814 eneaeueseennp
560 3743 615 3799 vol.
633 3748 651 3800 4
669 3761 716 3814 pg.
735 3747 786 3800 296
799 3745 819 3800 f.

231 3833 252 3899 ¹)
272 3832 312 3887 La
329 3829 452 3887 Luciada
470 3847 506 3886 ou
523 3830 617 3886 L’bne.
653 3831 732 3887 Paris
754 3835 822 3889 1818
839 3833 950 3903 praiaco
968 3849 1014 3903 pg.
1034 3833 1082 3889 31,

230 3922 253 3990 ³)
278 3924 357 3977 Ueber
385 3923 498 3977 Latione
525 3921 625 3978 schrift
646 3920 754 3983 Λούκιος
783 3922 799 3994 ἢ
831 3921 897 3983 ὄνος.
933 3923 1000 3977 Eine
1029 3924 1278 3978 litterariistoriscbe

163 4012 364 4082 Uutcrscobuoq.
400 4010 522 4080 Leipzig,
544 4012 620 4065 1869.

1068 4104 1079 4154 l
