2902 4702
582 346 831 444 220·-

164 545 277 612 quoque
303 539 418 612 saepius
447 539 622 597 inveniemus
652 539 682 595 in
708 539 750 597 eis
775 537 880 596 fabulis
904 554 976 610 quae
1007 540 1044 595 ab
1070 539 1131 612 ipso
1152 537 1279 611 Apuleio

85 632 89 639 '
164 637 292 696 insertae
313 640 380 695 sunt
406 630 496 711 (conf.
516 635 603 705 VIII,
633 635 739 705 1--14,
769 637 895 706 19-21,
916 635 971 704 IX,
994 636 1134 710 32-38).
1181 637 1280 707 Neque

113 802 117 809 Ι
168 734 242 792 illud
263 732 549 807 praetermittendum
570 738 622 805 est,
650 749 714 789 cum
734 732 831 805 priore
854 732 888 790 de
910 732 1046 790 Charitae
1067 738 1160 790 morte
1181 732 1280 791 fabula

166 832 203 889 ab
225 830 352 904 Apuleio
384 830 498 888 adiecta
522 846 578 887 non
604 831 697 888 solnm
729 829 824 887 colore
850 829 899 888 sed
930 830 992 901 ipso
1018 836 1189 901 argumento
1216 848 1280 888 eam

168 944 336 998 congruere,
359 944 422 986 cum
442 928 609 998 inutraque
631 928 722 985 scelus
743 926 884 997 quoddam
898 927 1100 998 gravissimum
1121 929 1156 985 ab
1177 929 1280 986 umbra

166 1025 288 1083 hominis
319 1025 457 1083 trucidati
487 1040 541 1097 per
571 1040 700 1082 somnum
733 1022 903 1096 propinquis
938 1024 1091 1096 apparenti
1122 1026 1278 1097 aperiatur.

164 1124 259 1195 Quare
283 1123 355 1181 satis
386 1122 507 1180 fidenter
532 1120 733 1180 affirmaverim
764 1123 839 1179 hanc
866 1126 943 1178 certe
976 1120 1011 1178 de
1037 1122 1157 1193 pistoris
1188 1128 1279 1180 morte

163 1219 291 1278 fabulam
311 1221 348 1277 ab
361 1218 489 1291 Apuleio
511 1220 622 1277 demum
644 1218 773 1277 additam
794 1234 856 1276 esse
877 1222 907 1276 et
928 1223 1084 1290 propterea
1106 1220 1193 1276 etiam
1214 1236 1281 1278 ven-

164 1316 282 1375 ditionis
303 1333 418 1375 causam
441 1320 589 1374 mutatam.

244 1414 284 1471 At
309 1414 393 1486 longe
414 1415 500 1472 aliter
514 1414 696 1472 iudicandum
718 1431 781 1472 esse
802 1418 871 1486 puto
893 1413 928 1472 de
949 1414 1136 1486 praecedenti
1155 1415 1279 1472 historia

164 1511 200 1568 de
215 1510 333 1583 pistoris
347 1511 445 1568 uxoris
460 1510 610 1568 adulterio.
642 1510 724 1568 Dicit
744 1510 819 1567 enim
834 1510 998 1582 ‚Lucienus‘
1012 1511 1094 1568 initio
1116 1511 1218 1581 capitis
1240 1513 1277 1568 43

166 1607 263 1670 λεπτὸς
289 1604 336 1664 οὖν
362 1606 432 1665 πάνυ
452 1606 573 1682 γίγνομαι
594 1606 639 1666 καὶ
660 1606 776 1683 ἀσθενὴς
800 1609 840 1683 τῷ
862 1606 967 1683 σώματι
987 1610 1046 1666 κτλ.
1092 1607 1192 1677 Posiae
1211 1624 1278 1679 par·

166 1703 256 1762 ticula
277 1700 323 1761 οὖν
345 1704 413 1762 talis
433 1704 639 1762 sententiarum
656 1721 785 1764 conexus
806 1704 985 1776 significatus
1010 1721 1074 1763 esse
1095 1704 1218 1766 videtur,
1246 1708 1278 1760 ut

168 1802 224 1859 hoe
244 1802 391 1858 enuntiato
412 1801 521 1871 aliquid
536 1801 684 1869 afferatur,
712 1802 788 1873 quod
808 1800 891 1860 rebus
912 1805 979 1858 aute
1000 1791 1125 1858 narratis
1146 1801 1278 1858 effectum

117 1899 119 1905 ’
165 1900 213 1957 sit.
258 1898 415 1969 Exspectes
440 1899 537 1971 igitur,
559 1899 591 1956 in
609 1899 848 1972 praecedentibus
868 1902 1003 1956 accurate
1024 1899 1186 1970 expositum
1208 1914 1277 1967 esse,

167 1995 268 2066 quibus
288 1996 374 2053 rebus
394 1995 491 2053 asinus
512 2012 608 2054 macer
623 1995 781 2067 debilisque
795 1995 890 2053 factus
904 2000 991 2054 esset.
1026 1993 1084 2052 Sed
1105 2001 1201 2053 tamen
1215 1999 1278 2052 toto

167 2092 263 2165 capite
280 2093 318 2150 42
340 2092 374 2150 de
387 2093 442 2150 hac
456 2108 487 2150 re
502 2094 587 2164 plane
600 2093 673 2150 nihil
687 2093 815 2159 affertur,
838 2093 888 2150 sed
901 2092 955 2150 hoc
967 2097 1083 2150 tantum
1097 2092 1277 2161 describitur,

167 2189 241 2262 qnod
262 2189 354 2261 primo
376 2193 407 2246 et
427 2189 551 2247 secundo
572 2189 627 2259 die,
651 2205 705 2260 quo
727 2189 803 2260 apud
817 2190 955 2261 pistorem
976 2195 1169 2248 commoratus
1192 2194 1277 2261 esset,

168 2286 250 2344 asino
265 2285 413 2345 acciderit.
451 2285 622 2343 Necessario
636 2285 728 2355 igitur
742 2285 934 2356 colligendum
950 2291 994 2343 est
1008 2290 1120 2343 textum
1134 2285 1279 2345 Graecum

165 2384 221 2441 hoo
251 2383 315 2441 loco
347 2382 510 2439 mutilatum
541 2398 602 2439 esse
640 2385 763 2452 etpost
794 2385 881 2453 caput
913 2382 950 2437 42
983 2382 1123 2451 quaedam
1154 2385 1277 2450 resecta,

165 2479 267 2552 quibus
298 2483 479 2550 narraretur,
515 2494 588 2549 quae
619 2482 721 2551 postea
754 2477 831 2549 apud
864 2479 1003 2549 pistorem
1030 2494 1132 2550 passus
1164 2478 1278 2549 quibus·

166 2596 220 2650 que
258 2579 344 2637 rebus
385 2593 482 2635 macer
520 2578 615 2635 factus
655 2581 741 2635 esset.
799 2575 862 2634 Iam
901 2573 977 2648 apud
1007 2575 1163 2648 Apuleium
1197 2575 1278 2631 illam

168 2676 272 2748 eapitis
292 2677 331 2734 42
353 2674 574 2747 descriptionem
599 2674 708 2746 excipit
732 2674 863 2731 narratio
884 2672 1035 2745 quaedam,
1062 2673 1200 2745 quomodo
1222 2673 1278 2745 pis-

166 2774 243 2831 toris
263 2773 361 2831 uxoris
381 2771 555 2830 adulterium
577 2772 650 2829 asini
675 2787 763 2843 opera
787 2771 931 2828 detectum
951 2770 999 2829 sit.
1036 2771 1101 2827 Non
1121 2769 1280 2841 poterimus

169 2887 274 2942 negare
303 2870 333 2926 in
355 2887 390 2927 ea
410 2870 531 2927 multum
551 2870 642 2927 iocosi
663 2874 692 2927 et
712 2868 800 2941 lepidi
825 2869 919 2927 inesse
941 2871 970 2926 et
996 2869 1026 2925 in
1046 2868 1147 2940 primis
1168 2866 1279 2923 asinum

168 2983 287 3039 prorsus
309 2966 423 3024 easdem
445 2970 544 3038 partes
565 2983 649 3040 agere
671 2970 757 3037 atque
777 2982 877 3038 snpra,
911 2981 975 3023 cum
995 2964 1146 3023 Gallorum
1166 2961 1279 3034 flagitia

169 3065 230 3123 eins
256 3063 382 3122 clamore
407 3064 554 3135 patefacta
579 3063 644 3121 sint.
692 3062 755 3133 Qua
780 3079 813 3120 re
834 3062 921 3120 facile
946 3061 985 3118 ad
1013 3076 1077 3118 eam
1107 3060 1279 3116 sententiam

169 3161 357 3230 adducemur,
388 3167 422 3219 ut
451 3161 525 3218 hanc
555 3160 692 3218 fabellam
722 3159 759 3217 ad
784 3159 907 3217 Lucium
932 3157 1101 3215 Patrensem
1132 3156 1279 3227 pertinere

166 3263 307 3331 putemus.
349 3257 450 3342 Neque
481 3258 511 3314 in
535 3274 568 3316 eo
590 3257 798 3325 offendendum,
825 3255 957 3326 quodne
979 3271 1013 3313 ea
1034 3254 1148 3325 quidem
1168 3253 1280 3311 inserta

166 3356 270 3413 lacuna
288 3355 349 3428 illa,
364 3372 449 3426 quam
462 3372 549 3428 supra
570 3353 739 3429 significavi,
760 3357 895 3412 accurate
910 3353 1027 3424 expleta
1042 3357 1093 3421 est,
1115 3367 1227 3423 quaque
1247 3367 1279 3409 re

168 3453 244 3512 asini
254 3454 332 3513 vires
343 3454 415 3512 adeo
425 3452 535 3513 fractae
546 3459 577 3512 et
586 3453 752 3512 imminutae
763 3453 830 3522 sint,
846 3454 945 3524 aperte
957 3450 1143 3508 declaratum.
1178 3450 1280 3520 Neque

171 3551 245 3610 enim
268 3549 491 3610 obliviscendum
512 3557 556 3609 est
577 3555 736 3608 extremam
756 3550 817 3609 eius
842 3552 968 3621 partem,
999 3564 1056 3619 qua
1076 3564 1140 3605 cum
1161 3562 1281 3619 sequen·

166 3648 245 3707 tibus
266 3649 448 3716 cohaereret,
476 3646 634 3719 Apuleium
654 3646 786 3705 recidere
808 3650 940 3704 coactum
961 3661 1024 3703 esse
1045 3648 1165 3718 propter
1185 3643 1280 3715 proxi-

101 3816 107 3827 ,
166 3762 245 3803 mam
266 3744 394 3823 fabulam
415 3745 451 3803 de
470 3748 562 3802 morte
583 3745 701 3816 pistoris
721 3743 872 3803 adiectam.
914 3741 972 3801 Sed
993 3742 1102 3814 aliquid
1128 3745 1208 3799 certe
1229 3739 1278 3797 ad-

167 3841 297 3899 miniculi
329 3841 366 3898 ad
387 3840 584 3911 quaestionem
609 3840 690 3898 illam
715 3839 879 3899 soluendam
904 3840 995 3897 verba
1014 3839 1078 3896 illa
1102 3837 1173 3893 mihi
1193 3852 1279 3907 prae-

167 3937 236 3996 bere
256 3937 398 4009 videntur,
422 3953 494 4009 quae
515 3936 627 3994 suntin
646 3935 730 3994 initio
745 3953 807 4008 cap.
825 3936 870 3993 15.
896 3934 995 4004 ,Talis
1015 3934 1068 3992 illa
1082 3931 1186 3990 mulier
1206 3931 1278 3988 miro

166 4050 213 4092 me
233 4033 461 4106 persequebatur
474 4033 548 4093 odio.
570 4048 636 4091 nam
657 4036 687 4090 et
708 4031 853 4091 antelucio
867 4031 1009 4089 recubans
1030 4029 1123 4088 adhuc
1145 4028 1279 4100 subiungi
1344 4074 1349 4084 .
