2902 4702
611 354 832 416 „31-

162 550 354 610 conclusimus
385 566 422 607 cx
451 548 548 607 Photii
581 549 616 607 de
646 549 731 607 Lucii
761 549 911 607 Patrensis
941 550 1016 607 libro
1046 547 1164 606 indicio.
1205 548 1280 608 Nam

161 648 312 717 sirotha,
340 662 414 717 quae
438 647 514 719 apud
534 646 695 718 Apuleium
715 647 823 706 Lucius
857 646 930 704 facit
963 647 993 703 in
1018 647 1112 719 capite
1139 647 1178 703 20
1211 663 1281 718 ,ego

164 761 234 804 vero
264 744 338 802 nihil
362 743 537 816 impossibile
568 744 706 815 arbitror,
740 745 790 802 scd
813 748 966 815 utcumque
997 744 1059 801 fata
1094 743 1281 811 decreverint,

163 843 207 900 ita
238 845 342 901 cuncta
372 839 540 898 mortalibus
566 841 733 911 provenire:
765 858 831 899 nam
853 840 972 899 etmihi
993 841 1097 898 ettibi
1118 846 1149 899 et
1170 839 1281 897 cunctis

163 940 326 997 hominibus
356 939 447 996 multa
477 956 530 997 usu
556 939 654 996 venire
679 939 752 996 mira
773 943 803 996 et
822 954 915 1010 paene
935 938 1055 1009 infecta,
1089 954 1165 1009 quae
1185 942 1281 995 tamen

166 1038 270 1110 ignaro
290 1036 385 1094 relata
405 1034 489 1093 fidem
510 1035 661 1107 perdant“,
685 1035 766 1106 apud.
780 1035 902 1095 Lucium
916 1034 1086 1092 Patrensem
1107 1050 1220 1106 quoque
1234 1050 1282 1092 ex·

163 1132 259 1192 hibita
286 1132 414 1201 fuerunt,
436 1149 529 1190 nonne
550 1134 608 1190 iam
630 1133 732 1189 mirum
753 1132 826 1190 illud
846 1132 943 1189 Photii
963 1131 1102 1189 iudicium
1123 1129 1281 1195 σπουδάζων

167 1253 198 1288 τε
219 1229 265 1289 καὶ
285 1228 379 1293 πιστὰς
406 1228 521 1305 νομίζων
552 1231 659 1302 optimc
693 1230 867 1301 explicatum
898 1246 960 1287 csse
984 1230 1065 1287 vides
1095 1245 1184 1300 eaque
1209 1243 1283 1298 quac

164 1344 257 1400 supra
279 1328 314 1385 de
336 1345 369 1387 eo
390 1329 508 1401 conieci,
529 1345 648 1401 prorsus
668 1326 804 1385 firmata?

247 1424 384 1483 Proxima
397 1441 487 1496 usque
508 1426 545 1483 ad
565 1425 671 1497 Apulei
691 1425 802 1482 librili
825 1442 886 1496 cap.
903 1426 948 1492 18,
970 1425 1138 1494 quibuscum
1152 1423 1283 1483 conferas

168 1521 293 1579 Luciani
314 1522 410 1594 capita
425 1521 531 1592 2-11,
555 1522 686 1579 minimas
707 1522 848 1595 praebent
866 1522 1060 1580 difficultates.
1094 1523 1193 1593 Neque
1208 1523 1283 1580 enim

166 1619 260 1676 multa
270 1618 504 1677 discriminatae
518 1624 634 1676 exstant
648 1612 1030 1692 inparteinter'ntrumque‚
1053 1625 1083 1678 et
1103 1620 1171 1690 quid
1186 1619 1220 1677 de
1242 1620 1284 1677 eis

144 1716 352 1801 ¹iudicandum
377 1716 424 1786 sit,
450 1715 588 1775 facillime
612 1718 796 1789 perspicitur.
833 1718 985 1775 Neminem
1011 1719 1089 1775 certe
1109 1721 1179 1788 puto
1201 1716 1285 1774 dubi·

168 1816 297 1871 taturum
312 1828 383 1881 esse,
405 1814 474 1884 quin
493 1818 522 1872 et
541 1808 696 1886 descriptio
716 1814 768 1871 illa
788 1829 874 1884 quam
885 1814 961 1886 apud
975 1813 1130 1885 Apuleium
1143 1812 1283 1869 insertam

167 1904 327 1971 invenimus
362 1911 463 1969 domus
493 1911 680 1982 Byrrhaenae
713 1909 810 1984 (114)
843 1914 873 1967 et
898 1909 973 1967 mira
998 1911 1033 1967 dc
1054 1908 1153 1981 capilli
1184 1909 1282 1980 gratia

169 2008 327 2080 disputatio
353 2007 446 2082 (118,
468 2007 500 2083 9)
526 2009 562 2065 ab
584 2008 646 2080 ipso
667 2007 791 2080 Apuleio
812 2007 943 2064 adiectae
965 2007 1030 2065 sint.
1072 2006 1174 2077 Neque
1195 2006 1283 2063 aliter

166 2104 352 2162 iudicandum
383 2108 428 2162 est
459 2104 495 2162 de
527 2122 574 2178 eo,
608 2104 684 2176 quod
714 2104 792 2177 apud
822 2105 976 2176 Apuleium
1002 2104 1085 2174 112,
1117 2105 1168 2162 ubi
1198 2103 1282 2161 Lucii

166 2201 411 2274 Byrrhaenaeque
443 2218 612 2273 congressus
643 2207 794 2268 narratur,
827 2202 915 2259 etiam
946 2202 1067 2260 maritus
1094 2202 1282 2274 Byrrhaenae

165 2298 350 2357 introductus
372 2302 423 2357 est.
467 2299 541 2356 Nam
561 2299 645 2357 huius
666 2315 820 2371 personam
842 2299 917 2357 sicut
937 2316 1036 2372 copae,
1059 2300 1095 2358 de
1118 2317 1174 2372 qua
1195 2316 1283 2371 supra

168 2396 304 2469 disserui,
337 2397 477 2455 insertam
499 2414 560 2455 esse
582 2398 703 2468 abillo,
731 2397 889 2456 clarissime
909 2398 977 2456 inde
998 2398 1182 2471 perspicitur,
1204 2398 1282 2470 quod

105 2524 109 2529 ·
165 2498 268 2567 postea
287 2510 427 2565 nusquam
441 2501 690 2568 commemoratur,
712 2512 748 2552 nc
763 2495 804 2553 ibi
818 2496 940 2567 quidem,
961 2497 1011 2553 ubi
1025 2496 1188 2554 necessario
1205 2513 1279 2553 com·

164 2593 351 2651 memoranda
372 2598 444 2666 erat,
466 2594 497 2650 in
518 2595 644 2667 cenulae,
667 2595 705 2652 ad
726 2611 811 2665 quam
833 2595 1002 2666 Byrrhaena
1022 2595 1144 2652 Lucium
1165 2593 1281 2661 invitat,

166 2690 361 2762 descriptione
381 2691 428 2767 (Π
452 2690 515 2766 19).
559 2691 634 2751 Nam
665 2709 782 2764 prorsus
810 2693 950 2749 abhorret
974 2691 1138 2748 amoribus
1160 2690 1282 2748 Graecis

163 2804 284 2847 uxorem
306 2789 411 2847 marito
433 2791 552 2851 absente
573 2790 712 2848 eiusmodi
733 2790 822 2861 dapes
842 2789 985 2846 instruere
1006 2789 1044 2846 ad
1065 2804 1169 2858 easque
1189 2786 1282 2858 ipsam

165 2886 244 2943 viros
264 2887 453 2958 mulieresque
473 2902 639 2945 convocare.
672 2887 750 2945 Satis
771 2886 938 2944 dubitanter
947 2885 1087 2942 iudicavit
1101 2884 1283 2942 Goldbache·

164 2999 215 3041 rus
235 2983 271 3040 de
285 2983 410 3059 Pythiae
432 2984 650 3056 historiuncula,
673 2984 700 3059 (l
722 2986 769 3053 24,
788 2983 838 3058 25)
862 3000 936 3055 quae
957 2984 994 3041 ad
1015 2988 1127 3041 certum
1146 2981 1284 3040 iudicium

165 3078 325 3138 faciendum
347 3098 383 3138 ne
403 3081 550 3138 minimum
571 3082 685 3154 quidem
708 3084 862 3154 praeberet
875 3082 1089 3140 adminiculum.
1125 3082 1162 3138 At
1183 3086 1282 3138 tamen

166 3176 294 3236 alienant
326 3195 391 3236 eam
422 3196 485 3236 esse
507 3179 543 3236 ab
565 3179 735 3252 exemplari,
769 3179 835 3237 inde
856 3180 1019 3237 luculenter
1039 3166 1175 3251 apparet}
1208 3178 1284 3249 quod

164 3273 259 3333 Lucio
280 3277 357 3349 apud
379 3277 522 3350 hospitem
542 3277 744 3350 Hipparchum
765 3279 942 3346 deversanti‚
965 3295 1015 3336 cur
1035 3278 1144 3350 piscem
1165 3281 1282 3343 emeret,

165 3373 249 3431 nulla
270 3390 358 3432 causa
377 3372 441 3433 fuit.

245 3471 330 3529 Haec
361 3471 457 3529 omnia
488 3471 560 3529 satis
586 3472 747 3530 levidensis
773 3477 859 3542 atque
881 3472 1034 3538 eiusmodi,
1066 3476 1100 3528 ut
1121 3471 1157 3527 dc
1178 3470 1214 3526 iis
1234 3471 1284 3527 vix

163 3566 310 3626 dubitatio
330 3568 423 3640 possit
444 3570 580 3638 existere;
612 3571 729 3642 gravius
751 3575 853 3628 contra
873 3571 946 3627 illud
965 3570 1087 3640 videtur,
1109 3567 1185 3639 quod
1206 3566 1284 3639 apud

164 3664 339 3740 Lucianum‚
363 3667 479 3725 etiamsi
499 3667 683 3741 Hipparchus
703 3669 733 3725 in
755 3684 818 3739 cap.
845 3671 857 3724 l
882 3673 913 3725 et
932 3668 952 3724 4
972 3664 1134 3743 φιλάργυρος
1154 3664 1282 3722 nomine·

105 3832 108 3837 ¹
164 3767 228 3834 tur,
259 3767 358 3821 minen
389 3764 513 3822 avaritia
544 3766 606 3822 eius
636 3780 775 3836 nusquam
802 3764 917 3837 depicta
937 3769 994 3833 est,
1027 3779 1113 3833 quam
1133 3762 1282 3834 Apuleius,

165 3875 256 3931 usque
287 3860 325 3918 sd
356 3860 483 3918 taedium
513 3862 620 3920 iterum
645 3862 806 3934 iterumque
832 3861 971 3920 describit
991 3866 1024 3918 ut
1045 3876 1106 3932 cap.
1129 3861 1143 3917 Ι
1164 3861 1212 3929 24,
1235 3861 1282 3918 26.

165 3955 199 4014 Π
215 3958 262 4016 11.
293 3958 418 4016 Videtur
431 3959 498 4017 inde
512 3959 605 4032 primo
620 3964 739 4031 aspectu
753 3958 975 4017 concludendum
990 3972 1061 4024 esse,
1083 3957 1171 4014 etiam
1186 3956 1216 4013 in
1229 3957 1284 4014 hac

169 4068 204 4111 re
218 4055 413 4128 excerptionis
426 4056 548 4130 vestigia
561 4057 592 4115 in
602 4057 691 4116 Asino
704 4056 787 4115 nobis
802 4055 957 4127 obversari,
972 4052 1151 4126 Luciumque
1162 4054 1285 4112 Patren-
