2902 4702
641 373 841 434 ..5-

184 568 290 626 Verum
312 570 374 624 tota
401 567 473 624 haec
493 566 623 637 quaestio
651 567 688 624 ad
714 571 843 624 nostrum
869 568 1048 640 propositum
1068 567 1206 626 levissimi
1231 586 1300 627 sane

184 668 228 722 est
250 665 418 736 argumenti.
461 663 529 721 Sive
556 664 689 721 0010001
721 669 839 742 auctore
860 665 923 736 ipso
945 665 1030 722 titulo
1064 665 1206 723 adiectum
1237 682 1300 724 esse

183 768 269 835 putas
280 761 351 818 illud
363 760 546 832 adiectivum,
569 760 628 818 01νο
641 778 659 817 0
673 759 778 818 Photio
791 762 963 833 appositum,
985 763 1039 819 hoc
1055 763 1212 821 certissime
1234 763 1300 820 inde

184 859 314 930 sequitur
345 857 426 916 illum
458 857 543 915 Lucii
575 858 681 914 librum
715 859 862 916 variarum
896 859 1087 917 mutationum
1119 862 1301 920 narrationes

185 958 369 1017 continuisse.

263 1056 310 1114 De
332 1055 454 1124 siugulis
475 1054 559 1111 huius
580 1054 760 1112 collectionis
780 1054 896 1112 fabellis
917 1056 972 1112 hoo
989 1072 1077 1113 unum
1097 1055 1219 1113 Photius
1240 1072 1300 1113 me·

184 1153 293 1210 moriae
314 1152 446 1219 tradidit,
469 1150 541 1208 duos
562 1151 622 1207 eius
635 1151 747 1222 priores
767 1152 858 1208 libros
873 1151 992 1209 eandem
1007 1152 1135 1210 fabulam
1156 1153 1299 1221 exhibere,

186 1266 258 1320 0000
280 1250 310 1306 10
331 1248 422 1305 Asino
443 1247 590 1306 Lucianeo
616 1252 784 1305 narraretur
804 1253 835 1304 ct
860 1264 924 1305 cum
944 1248 994 1305 1110
1020 1248 1057 1304 01
1088 1249 1206 1306 verbum
1237 1250 1300 1306 fere

186 1348 349 1412 concinere,
387 1345 460 1402 illud
495 1348 607 1402 tantum
643 1345 813 1402 discriminis
850 1344 991 1404 interesse
1032 1347 1108 1403 inter
1141 1347 1194 1404 hos
1230 1346 1301 1407 duos

186 1445 285 1513 librae,
314 1443 388 1514 quod
409 1443 553 1501 Lucienus
574 1458 608 1499 ox
630 1442 714 1500 Lucii
734 1442 839 1500 latiore
864 1443 1031 1501 narratione
1052 1444 1201 1515 quaedam,
1226 1460 1300 1514 quae

185 1541 221 1598 ad
243 1557 380 1598 summam
401 1539 540 1597 historiae
555 1554 611 1596 non
632 1539 731 1609 magni
745 1539 881 1596 momenti
903 1545 1007 1609 essent,
1029 1539 1178 1597 omisisset.
1213 1537 1302 1597 Patet

184 1640 238 1697 hoc
261 1642 339 1696 certe
359 1637 461 1694 Photii
482 1636 619 1693 iudicium
641 1636 721 1692 nulla
742 1651 778 1692 ex
798 1641 882 1707 parto
896 1651 982 1706 posse
1003 1635 1187 1702 labefactari;
1209 1651 1301 1706 neque

185 1736 259 1794 enim
282 1735 419 1792 credibile
454 1738 498 1791 est
528 1732 724 1805 patriarcham
749 1731 887 1790 hocloco
917 1731 952 1788 do
972 1731 1115 1789 industria
1139 1732 1213 1790 falsa
1233 1749 1301 1805 pro·

184 1833 300 1901 tulisse,
334 1849 426 1903 neque
452 1835 549 1903 potest
575 1830 697 1902 cogitari
734 1829 842 1887 talibus
869 1830 904 1888 de
930 1829 1029 1896 rebus,
1061 1835 1095 1886 ut
1120 1830 1154 1888 de
1186 1830 1301 1888 diverso

187 1931 337 2000 utriusque
358 1927 450 1985 libelli
465 1927 574 1985 ambitu
594 1935 682 1997 atque
703 1927 917 1998 compositione,
940 1943 1010 1997 quas
1030 1928 1232 1998 unusquisque,
1253 1928 1303 1998 qui

185 2043 234 2085 eos
255 2026 442 2099 perlegebat,
470 2024 703 2081 animadvertere
725 2029 755 2081 ot
774 2024 872 2096 potuit
892 2029 922 2081 et
943 2023 1054 2090 debuit,
1080 2023 1153 2082 falso
1176 2041 1240 2082 eum
1260 2025 1302 2082 iu·

185 2124 306 2182 dicasse.
354 2122 452 2194 Quare
471 2121 595 2178 fidenter
616 2121 677 2179 siue
699 2121 784 2178 dubio
807 2121 836 2178 in
857 2121 1052 2193 disputatione
1073 2127 1185 2193 nostra,
1217 2139 1302 2192 quam

184 2221 359 2279 instituimus
391 2219 426 2277 de
458 2219 543 2275 Lucii
568 2217 717 2276 Patrensis
743 2219 879 2290 opusculo
910 2220 957 2276 vel
987 2219 1094 2276 rectius
1124 2219 1160 2276 de
1191 2219 1302 2278 duobus

188 2319 250 2376 cius
271 2318 354 2375 libris
375 2317 527 2389 prioribus,
551 2331 669 2372 -uam
691 2316 727 2373 de
747 2316 866 2387 reliquis
888 2315 1033 2387 explorari
1052 2315 1126 2373 nihil
1146 2320 1242 2387 potest
1263 2349 1301 2358 -

184 2417 220 2473 ab
252 2417 305 2473 hoc
333 2416 395 2472 1000
432 2410 575 2486 proficisci
606 2413 765 2485 poterimus
801 2429 890 2484 eoque
921 2414 986 2472 0111,
1038 2412 1149 2472 Contra
1180 2415 1301 2487 reliqua,

186 2531 259 2585 0000
289 2512 424 2585 exposuit
443 2511 566 2568 Photius
593 2511 628 2568 de
648 2512 751 2568 horum
777 2511 915 2569 librorum
940 2511 1039 2568 ordine
1061 2517 1091 2569 et
1117 2513 1236 2570 consilio
1258 2513 1302 2571 di·

187 2628 279 2682 verso,
303 2627 377 2680 0000
397 2626 455 2667 000
476 2627 512 2666 ex
526 2609 596 2680 ipsis
615 2608 699 2665 libris
713 2609 884 2680 simpliciter
905 2608 1074 2680 depromere
1094 2611 1229 2681 potuerit,
1252 2610 1303 2668 sed

188 2709 367 2780 cogitatione
394 2713 424 2765 et
448 2706 554 2764 iudicio
585 2712 699 2764 tantum
726 2707 852 2776 assequi,
883 2706 970 2763 facile
996 2710 1092 2777 potest
1113 2706 1302 2765 demonstrari

185 2807 279 2863 omnia
299 2805 399 2876 inepta
420 2819 481 2861 esse
503 2808 531 2860 et
552 2803 663 2860 futtilia
684 2805 713 2860 01
734 2819 852 2875 prorsus
874 2803 1033 2861 abicienda.

264 2905 308 2961 Ac
333 2902 458 2974 primum
479 2901 594 2972 quidem
621 2900 656 2957 de
682 2900 783 2958 ordine
808 2901 910 2958 horum
937 2900 1076 2958 librorum
1101 2917 1131 2959 se
1157 2902 1251 2973 ipsum
1270 2903 1301 2960 in

187 3001 273 3059 dubio
305 2998 393 3057 fuisse
429 3001 570 3067 testatur,
608 3013 671 3054 cum
704 2997 775 3055 dicit
805 2998 877 3055 ἔοικε
907 2996 936 3054 δὲ
968 3000 1071 3072 μᾶλλον
1102 2997 1117 3054 ὁ
1149 2996 1301 3063 Λουκιανὸς

185 3096 383 3177 μετοιγράφοντι
404 3094 467 3153 ὅσον
489 3093 611 3160 εἰκάζειν.
638 3093 677 3158 τίς
698 3116 748 3171 γαρ
769 3093 862 3172 χρόνῳ
888 3092 1074 3172 πρεσβύτερος,
1102 3092 1177 3152 οὔπω
1200 3097 1301 3173 ἔχομεν

184 3199 290 3268 γνῶναι.
331 3195 371 3250 At
400 3199 498 3250 tamen
528 3193 665 3251 facillime
690 3193 765 3250 hanc
791 3193 989 3262 quaestionem
1015 3210 1050 3249 ex
1081 3209 1134 3250 sua
1159 3195 1302 3252 sententia

161 3292 321 3350 'Photium
350 3292 461 3349 solvere
497 3290 643 3363 potuisse,
681 3290 831 3348 dummodo
863 3290 985 3362 parvula
1017 3291 1204 3350 meditatione
1235 3308 1302 3350 usus

185 3397 269 3461 00001,
291 3395 371 3447 00010
392 3389 500 3461 primus
522 3388 655 3459 exposuit
674 3386 830 3446 Gourierus
850 3392 971 3460 postque
994 3404 1058 3445 eum
1072 3387 1299 3447 Goldbacherus.

186 3487 256 3544 Cum
277 3486 353 3544 enim
367 3484 489 3544 Lucium
503 3483 675 3542 Patrensem
696 3500 797 3542 verum
817 3484 896 3541 illius
917 3483 1067 3568 scriptoris
1088 3501 1191 3542 nomen
1211 3483 1300 3544 fuisse

127 3601 128 3606 ¹
185 3587 309 3655 putaret,
330 3582 461 3652 idemque
481 3599 585 3639 nomeu
604 3583 636 3638 in
649 3582 773 3641 Luciani
793 3582 929 3654 opusculo
951 3597 1049 3638 rerum
1064 3583 1156 3639 actori
1177 3582 1301 3639 inditum

185 3696 247 3737 esse
273 3679 399 3746 videret,
431 3677 498 3736 inde
524 3676 601 3736 effici
632 3695 748 3736 necesse
774 3686 838 3736 erat
862 3678 985 3736 Lucium
1016 3677 1109 3750 prius,
1142 3678 1301 3736 Lucienum

184 3776 329 3849 posterius
349 3774 478 3832 libellum
498 3790 580 3833 suum
602 3775 759 3847 scripsisse.
805 3775 946 3848 Neglexit
966 3780 1062 3832 tamen
1088 3775 1161 3834 hanc
1181 3776 1300 3835 ratioci-

186 3959 319 4016 Conseraa
331 3958 427 4032 1110000
445 3961 497 4009 τῶν
516 3955 580 4010 κατὰ
592 3956 684 4031 Adipata
699 3949 741 4011 aui
754 3959 844 4031 Χλόην
857 3958 927 4030 λόγοι
941 3957 967 4010 δ’
980 3957 1026 4013 vel
1036 3956 1197 4032 Ἡλιοδώρου
1212 3952 1300 4013 Αἰθιο-

184 4053 263 4100 πικῶν
283 4042 388 4121 biblici
406 4046 450 4104 vel
462 4047 605 4100 Λουκιανοῦ
619 4045 735 4119 ἆ1011οῦς
754 4041 866 4121 inopium
889 4047 964 4119 1100
983 4049 1033 4136 a}
1052 4047 1116 4103 alia.
