2902 4702
609 327 830 390 -23-

166 519 310 578 assentiri.
351 518 462 578 Narrat
487 519 517 575 in
537 535 572 576 ea
593 519 662 576 civis
682 518 732 576 ille
753 517 937 591 Aeginensis,
962 521 1102 591 quomodo
1124 521 1154 578 in
1173 521 1279 580 itinere

165 617 262 686 aliquo
282 615 405 673 amicum
419 631 501 672 suum
515 616 664 674 Socratem
679 613 800 687 Hypatio
814 616 964 688 invenerit,
987 621 1016 674 et
1034 622 1068 676 ut
1081 633 1117 674 ex
1131 635 1278 691 magarum

164 714 246 786 turpi
267 713 405 772 servitute
426 729 488 770 sese
509 713 647 770 liberaret
667 718 696 770 et
711 729 807 770 secum
827 708 1018 770 inde'domum
1037 714 1277 786 proficisceretur,

165 811 356 879 admonuerit,
379 814 408 867 et
430 810 569 881 quomodo
584 814 700 882 postero
716 810 770 883 die,
793 827 858 866 cum
871 809 995 882 profecti
1009 817 1113 882 essent,
1135 813 1186 870 1116
1204 815 1279 871 mira

163 914 258 966 morte
288 907 422 979 perierit,
460 907 522 980 ipse
543 907 673 978 trepidus
693 923 746 979 per
766 907 894 965 diversas
921 908 1088 966 solitudines
1120 910 1276 981 aufugerit.

167 1003 226 1062 Sed
239 1004 385 1062 Lucianus
407 1005 492 1062 claris
516 1004 613 1062 verbis
633 1003 713 1073 dicit,
735 1003 824 1062 fuisse
848 1005 930 1061 Lucii
951 1005 1069 1064 comites
1089 1007 1165 1078 ipsos
1179 1008 1278 1080 Hypa-

164 1106 260 1160 tenses
281 1101 402 1164 ἀπιόντες
416 1101 444 1164 ἐς
460 1098 576 1172 Ὕπατα,
598 1100 674 1158 πόλιν
694 1105 744 1177 τῆς
758 1098 909 1172 Θετταλίας,
933 1100 1038 1160 ἐκεῖθεν
1053 1100 1136 1166 ὄντες.
1178 1103 1278 1177 Atque

163 1200 201 1258 ab
233 1200 392 1272 Hypatensi
423 1197 604 1256 manifestum
640 1203 684 1255 est
724 1199 819 1256 omnia
848 1199 901 1255 illa
932 1200 1046 1257 omuino
1077 1203 1191 1260 narrari
1221 1220 1279 1260 non

164 1299 302 1371 potuisse.
343 1299 404 1356 Iam
435 1298 484 1355 vix
508 1297 648 1355 credibile
683 1302 740 1369 est,
769 1303 965 1371 excerptorem
993 1298 1128 1356 comitum
1153 1300 1278 1371 patriam

166 1401 308 1463 mutasse;
329 1413 421 1467 neque
436 1397 511 1453 enim
526 1411 640 1453 causam
660 1385 789 1477 inuenies
803 1395 942 1462 mutandi,
964 1411 1056 1466 neque
1070 1396 1144 1454 solet
1165 1397 1277 1456 omnino

165 1495 317 1566 quidquam
344 1495 406 1565 ipse
433 1494 546 1551 adicere
575 1493 626 1551 sed
657 1493 802 1551 nonnullis
827 1494 948 1552 resectis
984 1495 1105 1565 reliqua,
1141 1500 1277 1566 quantum

165 1592 227 1649 eius
257 1591 321 1649 fieri
351 1596 461 1663 potest,
493 1593 645 1649 immutata
675 1592 893 1650 transscribere.
939 1592 1028 1650 Immo
1060 1597 1193 1664 apertum
1224 1597 1276 1664 est,

167 1688 330 1761 Apuleium,
352 1693 385 1745 ut
406 1689 441 1746 de
456 1688 573 1746 Socrate
587 1689 713 1746 fabulam
728 1689 911 1760 interponere
932 1695 1037 1761 posset,
1053 1691 1170 1749 comites
1191 1705 1278 1762 pere-

165 1787 267 1858 grinos
281 1785 427 1844 induxisse
441 1803 493 1858 pro
508 1785 729 1858 Hypatensibus.
764 1782 863 1856 Atque
874 1791 993 1858 propter
1007 1787 1081 1844 banc
1091 1787 1278 1844 mutationem

167 1885 253 1942 etiam
274 1885 508 1955 percontationes
534 1901 598 1941 eum
619 1884 742 1941 conicias
768 1882 805 1940 ab
830 1883 889 1940 illis
915 1884 1059 1942 edanum
1080 1884 1278 1957 Hypatensem

164 1983 356 2053 transtulisse.

246 2079 303 2137 Sed
334 2079 460 2137 certiora
492 2080 580 2136 etiam
610 2079 752 2137 accedunt
782 2085 957 2161 argumenta.
1000 2079 1080 2136 Dicit
1105 2079 1180 2137 enim
1205 2080 1279 2136 haec

166 2176 372 2248 Aristomenes,
395 2182 549 2246 autequam
563 2177 690 2234 fabulam
705 2194 785 2235 suam
800 2193 920 2234 narrare
932 2176 1056 2249 incipiat
1077 2179 1154 2252 (cap.
1169 2175 1187 2234 5
1201 2175 1279 2250 init.)

166 2273 241 2342 „Sed
273 2274 328 2331 tibi
356 2274 436 2345 prius
466 2273 601 2331 deierabo
633 2274 721 2330 solem
746 2275 834 2331 istum
858 2274 1003 2331 videntem
1029 2273 1112 2331 deum
1138 2289 1184 2331 me
1208 2289 1278 2331 vera
1354 2296 1360 2308 ·

166 2376 314 2442 comperta
335 2375 522 2430 memorare“.
564 2369 647 2428 Unde
669 2370 800 2440 sequitur
819 2386 883 2428 cam
904 2387 978 2439 rem,
1004 2386 1089 2440 quam
1113 2370 1278 2441 prolaturus

165 2474 219 2538 est,
242 2484 306 2525 eum
327 2484 385 2525 non
405 2469 499 2541 ipsum
519 2469 637 2537 vidisse,
670 2468 722 2525 sed
748 2467 783 2526 ab
805 2468 869 2525 aliis
890 2467 1104 2541 Hypatensibus
1124 2467 1276 2525 audivisse.

163 2564 249 2638 Quod
275 2556 406 2623 firmatur
431 2566 519 2623 etiarn
539 2565 754 2637 insequentibus
778 2581 852 2636 „nec
876 2581 928 2623 166
953 2565 1074 2622 ulterius
1099 2564 1276 2637 dubitabitis,

165 2664 189 2720 si
204 2663 386 2721 Thessaliam
406 2664 565 2736 proximam
580 2664 727 2721 ciuitatem
741 2663 941 2735 perveneritis,
963 2662 1038 2734 quod
1051 2662 1158 2721 ibidem
1171 2663 1278 2735 passim

164 2777 217 2833 per
238 2777 290 2818 ora
311 2761 412 2832 populi
433 2777 525 2819 sermo
551 2761 689 2828 iactetur,
724 2776 797 2832 quae
821 2760 918 2831 palam
938 2764 1021 2831 gesta
1041 2761 1136 2818 sunt“.
1178 2758 1278 2829 Neque

167 2858 351 2916 animaliter
376 2859 451 2915 hanc
471 2860 644 2916 sententiam
665 2874 780 2931 possum
800 2857 968 2928 intellegere
994 2856 1050 2913 nisi
1075 2856 1173 2914 dicere
1204 2855 1278 2914 velle

165 2954 394 3025 Aristomenem,
426 2955 540 3013 etiamsi
560 2956 658 3014 statim
683 2956 739 3014 sibi
764 2972 821 3014 non
843 2955 975 3023 credant,
1008 2959 1120 3023 tamen,
1151 2953 1201 3010 ubi
1222 2953 1279 3025 ipsi

167 3052 286 3132 Hypata
311 3051 459 3118 venerint,
492 3052 528 3109 de
555 3054 641 3111 rebus
661 3070 679 3111 a
699 3069 729 3110 se
755 3053 881 3111 narratis
906 3068 954 3109 eos
981 3049 1087 3108 diutius
1111 3065 1170 3108 non
1193 3065 1278 3123 posse

164 3149 310 3219 dubitare3
334 3165 400 3206 nam
421 3149 463 3232 ibi
483 3166 528 3221 ea,
551 3151 616 3221 quia
637 3150 731 3222 palam
746 3155 832 3223 gesta
852 3150 923 3218 sint,
946 3148 1070 3205 omnium
1096 3146 1278 3206 6161616611

165 3252 196 3304 61
217 3246 253 3303 ab
275 3247 405 3304 omnibus
426 3246 600 3305 affirmatum
620 3248 665 3306 iri.
707 3249 813 3306 Verum
835 3251 932 3305 tamen
951 3247 1023 3304 haec
1045 3245 1141 3304 omnia
1161 3244 1278 3302 minime

163 3344 308 3416 quadrant
332 3343 370 3400 ad
395 3345 554 3415 proximam
580 3345 615 3403 de
641 3345 760 3404 Socrate
791 3344 926 3403 fabulam.
968 3342 1070 3413 Neque
1096 3342 1171 3399 enim
1195 3339 1276 3398 illam

164 3441 200 3500 ab
215 3441 433 3516 Hypatensibus
455 3443 603 3515 comperit,
626 3443 677 3501 sed
697 3443 759 3516 ipse
780 3446 917 3515 expertus
937 3445 990 3508 est,
1012 3455 1104 3512 neque
1125 3438 1221 3512 palam
1241 3452 1277 3494 ea

164 3542 249 3610 gesta
279 3542 324 3595 est
349 3537 400 3596 sed
420 3539 560 3597 altissima
585 3544 669 3598 nocte
693 3540 874 3598 Aristomene
900 3539 960 3597 solo
986 3542 1152 3611 praesente3
1185 3550 1277 3606 neque

164 3635 302 3694 credibile
323 3642 369 3694 est
383 3653 448 3694 eam
465 3638 497 3694 in
510 3638 634 3695 omnium
648 3637 860 3710 Hypatensium
875 3653 925 3695 ore
938 3636 1027 3695 fuisse
1047 3635 1099 3693 sed
1113 3634 1148 3692 ab
1163 3633 1278 3691 Aristo·

165 3749 257 3800 mene,
280 3735 329 3805 qui
343 3739 443 3806 postea
458 3733 608 3806 „trepidus
621 3733 704 3804 quasi
717 3731 814 3792 caedis
835 3734 976 3792 humanae
997 3732 1052 3792 sibi
1073 3731 1202 3790 conscius
1223 3745 1278 3788 au·

165 3829 318 3904 fugisset“‚
340 3833 456 3891 silentio
476 3837 583 3891 tectam
596 3848 685 3903 usque
698 3831 736 3889 ad
749 3831 821 3889 illud
835 3837 956 3905 tempus,
972 3847 1027 3902 quo
1041 3831 1099 3888 iarn
1112 3829 1278 3902 prolaturus

166 3931 218 3985 est.
262 3927 397 3999 Sequitur
409 3929 502 4007 igitur
516 3928 583 3987 illos
597 3929 732 3987 comitum
746 3946 892 3988 sermones
916 3933 947 3987 et
960 3928 1087 3987 fabulam
1102 3927 1137 3985 de
1158 3924 1277 3983 Socrate

165 4023 288 4084 diversis
309 4025 490 4085 exsortibus
511 4024 627 4084 fluxisse
647 4031 678 4083 et
698 4027 734 4083 ab
753 4026 877 4099 Apuleio
899 4026 1012 4083 demum
1037 4024 1191 4083 infeliciter
1211 4037 1278 4079 con·
