2902 4702
649 293 860 355 „13-

197 490 271 563 apud
295 490 474 556 ‚Lucianum‘
497 504 609 560 quoque
631 504 694 545 cum
716 486 841 542 maxima
862 483 1021 542 desiderari
1041 483 1182 540 molestia.
1228 481 1312 540 Unde

196 587 229 643 fit
243 585 303 643 veri
318 586 494 642 simillimum
509 602 528 642 a
548 585 697 656 ‚Lucieno‘
721 582 850 640 exbiberi
866 581 941 639 hane
956 579 1083 638 fabulam
1098 595 1154 637 non
1169 579 1312 651 integram

197 683 246 740 sed
282 699 317 740 ex
338 682 477 754 ampliore
499 683 561 739 eius
581 680 674 738 forma
695 680 927 752 Apuleianaeque
950 678 1036 735 simili
1057 675 1222 735 foedissime
1244 693 1313 734 con-

196 784 327 838 tractam.
1035 763 1039 770 ⁴

276 877 385 934 Verum
408 893 464 933 non
485 877 578 934 minus
598 874 684 933 facile
705 875 777 933 illud
791 889 902 944 quoque
916 873 1075 944 perspicias
1089 888 1125 928 ne
1140 873 1175 928 ab
1190 872 1312 945 Apuleio

196 973 310 1044 quidem
332 990 394 1031 eam
415 973 559 1044 integram
580 973 804 1046 repraesentari.
847 970 1065 1029 Goldbacherns
1086 970 1247 1041 suspicatus
1269 974 1313 1026 est

197 1071 294 1142 capita
315 1071 421 1142 Apulei
441 1069 501 1127 VII
524 1071 550 1139 6,
567 1072 583 1126 7
606 1071 683 1140 quod
704 1086 760 1126 non
782 1069 924 1126 Graecum
945 1067 995 1124 sed
1010 1067 1171 1124 Romanum
1187 1067 1312 1123 colorem

196 1183 266 1238 prae
287 1184 318 1224 se
338 1166 461 1238 ferrent,
484 1169 519 1224 ab
541 1166 669 1240 Apuleio
692 1166 804 1224 demum
825 1167 935 1222 inserte
956 1181 1026 1222 esse.
1072 1162 1128 1221 Sed
1149 1161 1329 1221 firmissime

197 1268 292 1336 potest
323 1265 514 1322 demonstrari
550 1266 664 1323 omnino
691 1270 783 1321 totam
815 1263 974 1335 Tlepolemi
999 1261 1172 1329 orationem,
1204 1277 1260 1331 qua
1281 1277 1311 1318 se

198 1362 337 1418 Haemum
358 1362 500 1419 latronem
522 1361 710 1419 clarissimum
733 1376 796 1417 csse
817 1357 1102 1433 commentitur(VII
1123 1358 1225 1432 5-8),
1249 1373 1312 1415 cum

196 1457 435 1528 praecedentibus
457 1464 517 1515 tam
538 1458 661 1515 adversa
681 1457 778 1514 fronte
801 1473 941 1529 pugnare,
963 1465 995 1513 ut
1010 1472 1073 1513 eam
1088 1472 1106 1512 a
1120 1455 1212 1526 primo
1227 1455 1313 1512 huius

195 1553 310 1611 fabulae
341 1559 459 1613 auctore
490 1555 537 1612 hic
562 1555 765 1627 interpositam
791 1570 854 1612 esse
880 1554 959 1610 nullo
989 1553 1073 1610 modo
1100 1551 1238 1609 credibile
1264 1551 1309 1609 sit.
1399 1541 1405 1551 ’

195 1653 305 1722 Nempe
327 1653 512 1710 manifestum
534 1657 578 1710 est
599 1669 642 1724 ea,
664 1668 737 1722 quae
758 1658 844 1709 antea
864 1652 894 1708 iu
916 1648 1010 1722 capite
1025 1649 1069 1708 IV
1089 1649 1253 1720 speculator
1275 1649 1309 1706 de

197 1749 307 1807 advena
328 1767 346 1806 a
366 1767 396 1807 se
417 1750 509 1807 accito
530 1749 661 1821 proferat
685 1766 734 1816 „se
756 1764 867 1820 quoque
888 1747 945 1805 iam
967 1746 1073 1803 dudum
1088 1746 1228 1816 quendam
1243 1762 1309 1802 con·

196 1848 307 1904 venisse
338 1846 480 1904 hominem
503 1889 631 1904 .....
662 1846 743 1916 eique
775 1845 899 1901 suasisse
926 1860 960 1901 ac
981 1843 1102 1913 deniqne
1123 1842 1310 1914 persuasisse,

196 1948 229 2000 ut
259 1960 358 2002 manus
389 1945 541 2002 hebetatas
572 1944 685 2000 diutina
716 1942 970 2022 pigritiatandem
990 1941 1116 1999 referret
1136 1941 1175 1997 ad
1196 1939 1309 2010 frugem

197 2042 342 2099 meliorem
364 2043 498 2111 bonoque
519 2041 668 2109 secundae,
691 2041 756 2097 dum
778 2044 883 2112 posset,
905 2040 1050 2097 frueretur
1070 2037 1244 2096 valetudinis
1259 2053 1311 2094 nec

197 2153 311 2193 manum
343 2137 468 2194 validam
495 2137 660 2208 erogandae
685 2137 754 2208 stipi
779 2137 943 2209 porrigeret
963 2136 1015 2193 sed
1034 2136 1193 2193 hauriendo
1214 2135 1311 2206 potius

150 2297 153 2303 ⁴
199 2238 350 2292 exerceret
371 2239 470 2306 auro“,
494 2235 570 2292 sicut
590 2234 737 2306 aptissime
758 2234 836 2292 dicta
850 2239 918 2291 sunt
932 2235 968 2291 de
978 2234 1091 2291 homine
1106 2237 1174 2290 tunc
1188 2233 1310 2305 primum

196 2330 357 2388 latronibus
388 2347 419 2388 se
450 2331 594 2389 associare
615 2335 729 2393 conato.
764 2333 807 2389 ita
828 2346 891 2390 oum
912 2315 983 2404 illis,
1019 2333 1121 2403 quibus
1143 2335 1246 2404 postca
1267 2331 1311 2405 (in
1364 2386 1370 2398 ,

197 2444 258 2501 cap.
275 2429 364 2502 5-8)
386 2429 436 2486 illc
456 2429 518 2501 ipse
540 2429 681 2501 gloriatur·
701 2430 786 2487 rebus
800 2430 956 2488 fortissime
971 2435 1001 2487 et
1016 2430 1204 2487 audacissime
1219 2428 1310 2499 gestis

199 2527 276 2582 nullo
308 2527 392 2584 modo
419 2543 503 2597 posse
533 2527 691 2584 conciliari.
709 2547 711 2552 ·
734 2527 832 2597 Atque
852 2545 909 2585 una
931 2544 994 2585 curm
1016 2527 1071 2584 hac
1091 2527 1220 2584 oratione
1241 2525 1312 2582 illud

200 2638 322 2693 quoque,
345 2625 421 2693 quod
443 2641 478 2680 ea
499 2624 633 2689 efficitur,
656 2624 732 2693 quod
753 2625 879 2682 advenae
903 2625 946 2680 illi
969 2624 1097 2681 latrones
1111 2624 1210 2681 statim
1225 2623 1312 2679 duca-

196 2725 256 2776 tum
278 2718 418 2788 deferunt,
441 2721 560 2792 abipso
582 2722 667 2778 huius
689 2721 806 2779 fabulae
827 2727 945 2779 auctore
966 2721 1129 2778 necessario
1144 2719 1312 2777 abiudicari·

196 2817 262 2873 dum
289 2823 341 2874 est.
384 2817 484 2888 Neque
514 2819 588 2875 enim
614 2819 806 2876 necessarium
828 2824 892 2876 erat
913 2817 1080 2889 Tlepolemo
1103 2817 1140 2874 ad
1162 2816 1312 2874 consilinm

196 2929 276 2971 sunm
303 2914 513 2984 exsequendum
545 2915 689 2971 latronum
717 2915 817 2972 ducem
837 2915 915 2982 fieri,
938 2914 988 2974 sed
1009 2915 1080 2972 satis
1102 2915 1129 2972 ei
1150 2918 1214 2971 erat
1235 2914 1312 2970 inter

196 3013 326 3069 latrones
341 3013 455 3069 omuino
470 3013 582 3070 ascisci.
604 3011 706 3083 Neque
722 3013 858 3071 credibile
873 3019 917 3071 est
930 3013 984 3069 hoe
997 3028 1054 3069 unc
1065 3013 1127 3069 loco
1143 3014 1178 3070 ab
1193 3016 1312 3069 auctore

197 3108 296 3166 ducem
327 3109 452 3179 aliquem
473 3110 616 3166 latronum
637 3110 785 3167 inductum
807 3127 882 3179 esse,
915 3126 978 3166 cum
999 3114 1151 3182 praeterea
1172 3124 1311 3179 nusquam

197 3207 253 3263 dux
284 3212 520 3264 commemoratus
551 3213 635 3266 esset.
679 3207 920 3266 Luculentissime
951 3208 1018 3265 hinc
1048 3208 1189 3281 probatur
1218 3222 1310 3276 neque

197 3298 374 3373 ,Lucienum‘
405 3321 498 3376 neque
520 3306 673 3377 Apuleium
699 3307 752 3363 hoc
778 3307 840 3364 loeo
866 3307 1034 3377 primariam
1055 3305 1231 3363 narrationis
1251 3303 1310 3361 for·

195 3418 269 3457 mam
296 3385 438 3469 servasse,
473 3403 522 3460 sed
548 3408 581 3459 nt
601 3404 651 3460 ille
673 3419 736 3460 eam
757 3418 842 3474 quam
863 3404 988 3459 maxime
1009 3402 1236 3472 abbreviauemt,
1268 3401 1311 3457 sic

195 3498 270 3556 hunc
291 3499 362 3557 satis
382 3500 560 3558 incommode
581 3498 779 3573 amplificasse.

276 3595 480 3668 Excerptionis
500 3596 637 3654 iudicium
653 3597 837 3656 manifestum
853 3597 940 3655 etiam
956 3597 1054 3670 paullo
1069 3600 1135 3654 ante
1151 3597 1311 3654 enitescere
1350 3615 1354 3618 ·

195 3693 264 3750 mihi
286 3693 400 3750 videtur
422 3694 449 3750 in
472 3692 559 3752 Asini
581 3695 676 3767 capite
698 3696 744 3767 24,
767 3696 817 3752 ubi
837 3696 909 3752 haec
929 3695 1063 3766 leguntur
1083 3691 1141 3750 ἐπεὶ
1155 3693 1184 3749 δὲ
1195 3692 1308 3769 ἥκομεν,

196 3790 261 3848 ἔνθα
273 3789 392 3869 ἐσχίζετο
403 3795 499 3868 τριπλῆ
511 3790 581 3858 ὁδός,
595 3792 620 3849 οἱ
630 3791 832 3870 πολέμιοιὴμᾶς
842 3790 1080 3868 καταλαμβάνουσι
1091 3790 1309 3868 ἀναστρέφοντες.

195 3888 253 3946 Cur
272 3891 347 3946 euim
370 3889 510 3948 adiectum
533 3896 576 3949 est
596 3890 667 3947 illud
688 3890 754 3948 avua
777 3889 896 3969 ἐσχίζετο
917 3892 1013 3967 τριπλῆ
1029 3887 1110 3951 obde?
1131 3887 1206 3947 Num
1218 3893 1251 3946 ut
1264 3890 1311 3946 in-

194 3989 358 4061 tellegatur,
375 4005 427 4046 cur
440 3988 570 4046 latrones
585 3988 706 4060 pedibus
721 3994 822 4047 euntes
836 3988 962 4061 puellam
978 3987 1058 4044 asino
1073 3987 1233 4058 fugientem
1247 3991 1309 4044 tam
