2902 4702
631 336 827 397 ..2-

172 531 321 590 Patrensis
348 530 442 602 operis
468 527 557 586 fuisse
583 527 744 585 rationibus
770 525 970 583 diversissimis
996 524 1051 583 sibi
1075 531 1289 598 persuaserunt.

173 630 251 699 Quas
273 627 454 686 coniecturas
476 625 604 696 singulas
624 629 758 681 accurate
783 638 951 695 percensere
976 627 1007 678 et
1020 621 1155 680 refellere
1175 623 1289 694 longum

174 729 230 791 cst3
268 725 298 781 in
318 725 483 781 universum
508 723 563 779 bac
590 721 783 793 disputatione
815 720 886 776 satis
910 719 1126 790 redarguentur.
1166 720 1213 777 De
1233 737 1291 778 una

173 821 285 878 Rohdei
306 820 477 890 coniectura,
501 835 574 890 quae
589 835 624 876 ex
641 817 772 875 omnibus
786 823 816 874 et
830 817 985 874 novissima
1006 816 1044 872 sit
1061 822 1096 873 et
1110 817 1286 890 acutissima,

176 924 285 989 postea,
309 935 373 975 cum
395 917 430 975 de
444 916 544 974 Photii
558 915 702 973 sententia
715 914 806 974 verba
819 912 931 984 faciam,
955 912 1119 984 diligentius
1141 914 1287 972 disseram.

176 1014 264 1072 Cuius
284 1015 313 1072 in
345 1015 444 1072 libello
467 1019 580 1071 ceteras
605 1028 718 1083 quoquc
744 1027 841 1069 omnes
866 1017 1001 1069 accurate
1027 1011 1135 1068 relatas
1160 1011 1289 1070 inuenies

172 1117 261 1182 atque
283 1113 451 1170 aestimatas
471 1128 519 1184 pp.
543 1113 630 1168 3-6.

258 1209 314 1266 Sed
339 1209 376 1266 ad
397 1210 472 1266 hanc
498 1207 694 1278 quaestionem
715 1211 793 1264 recte
815 1205 1028 1263 diiudicandum
1048 1206 1210 1263 necessario
1232 1206 1288 1264 dis·

173 1307 353 1377 putationem
376 1305 412 1362 ab
434 1305 476 1362 eis
497 1304 607 1362 duobus
627 1303 711 1361 libris
733 1303 893 1361 ducendam
914 1319 984 1374 esse,
1012 1303 1062 1373 qui
1082 1303 1165 1359 nobis
1186 1303 1289 1360 etiam-

173 1417 248 1459 nunc
269 1407 386 1474 praesto
403 1406 488 1470 suut,
516 1384 628 1474 'Apulei
649 1399 933 1472 Metamorphosibus
955 1400 1103 1470 Asiuoque
1124 1399 1289 1471 ,Lucianeo‘

175 1497 261 1569 primi
275 1502 355 1555 recte
368 1504 577 1570 perspexerunt
591 1496 771 1570 Teuffelius¹)
786 1495 1023 1570 Knaoriusque2).
1064 1495 1173 1555 Verum
1194 1501 1288 1553 tamen

172 1595 204 1651 hi
231 1609 343 1666 quoque
372 1610 435 1652 cum
456 1595 576 1652 Asinum
596 1595 774 1653 Lucianeum
800 1599 830 1651 et
850 1593 936 1651 Lucii
956 1593 1105 1651 Patrensis
1131 1598 1160 1651 ct
1180 1593 1290 1665 Apulei

174 1692 449 1764 Metamorphoseon
469 1690 577 1750 fontem
598 1709 659 1752 esse
674 1695 832 1761 censerent,
856 1691 941 1763 longe
956 1707 974 1748 a
988 1708 1056 1749 vero
1072 1690 1289 1749 aberraverunt.

172 1790 274 1862 Neque
295 1790 350 1848 hoc
371 1791 485 1862 mirum,
519 1808 580 1848 curn
604 1790 761 1849 Teuffelius
790 1795 883 1847 totam
904 1807 964 1847 rem
986 1789 1134 1847 nonsatis
1156 1791 1290 1846 accurate

175 1888 358 1956 tractaverit,
376 1885 519 1946 Knautius
541 1895 641 1946 contra
656 1889 751 1945 animo
765 1892 976 1960 praeoccupato
998 1887 1035 1943 ad
1057 1903 1120 1943 eam
1135 1886 1290 1944 accesserIt

154 1989 207 2042 ·et
227 1986 329 2055 quavis
356 1985 469 2043 ratione
490 1985 614 2042 Asinum
635 1985 812 2042 Lucianeum
843 1984 963 2041 duarum
988 1983 1165 2054 reliquarum
1189 1998 1288 2038 narra·

178 2082 290 2139 tionum
305 2080 413 2139 fontem
429 2097 491 2140 esse
506 2083 701 2140 demonstrare
715 2086 828 2155 parato.
862 2083 956 2140 Multo
971 2081 1079 2139 maiore
1094 2084 1124 2137 et
1138 2078 1291 2151 diligentia

173 2183 204 2236 et
228 2177 326 2236 fructu
353 2182 419 2249 post
448 2178 515 2235 illos
542 2179 576 2235 de
606 2179 660 2234 hac
685 2195 716 2233 re
747 2179 905 2250 disputavit
932 2175 1174 2252 Goldbacherus⁸)
1206 2184 1291 2250 atque

174 2276 305 2333 omuibus
344 2274 431 2330 Asini
462 2274 786 2346 Metamorphoseonque
819 2274 1035 2332 diversitatibus
1070 2274 1289 2343 diligentissime

172 2370 378 2443 perpensitatis
395 2386 457 2427 eam
471 2370 526 2426 sibi
541 2369 655 2426 effinxit
668 2370 850 2438 sententiam,
872 2374 905 2425 ut
928 2369 1013 2426 Lucii
1024 2369 1173 2426 Patrensis
1194 2371 1289 2426 Meta·

173 2468 340 2539 morphoses
352 2467 500 2524 amborum
516 2467 618 2524 horum
633 2466 757 2524 liborum
770 2482 916 2524 commune
928 2466 1074 2538 exemplar
1086 2483 1148 2524 esse
1162 2470 1288 2537 putaret,

173 2565 249 2622 unde
263 2562 373 2622 Asinus
394 2565 425 2621 in
446 2565 591 2636 epitomen
612 2569 741 2635 coactus,
764 2563 1011 2636 Metamorphoses
1032 2565 1187 2621 multarum
1208 2563 1287 2620 tabu·

174 2662 267 2720 larum
282 2661 456 2720 admixtione
471 2667 574 2720 auctae
586 2667 689 2720 essent.
717 2662 858 2719 Libenter
872 2658 1011 2733 profiteor
1024 2679 1069 2719 me
1083 2662 1113 2718 in
1127 2663 1291 2719 uniuersum

175 2776 239 2817 cum
260 2776 294 2817 eo
319 2775 435 2832 prorsus
462 2761 635 2829 consentire,
662 2759 775 2817 etiamsi
805 2776 862 2817 non
882 2759 1014 2831 ignorem
1049 2761 1140 2817 multa
1165 2760 1195 2816 in
1228 2760 1289 2817 eius

174 2856 272 2914 libello
294 2861 394 2928 aperte
421 2856 495 2915 falsa
521 2873 597 2926 esse,
630 2858 720 2914 multa
751 2857 788 2914 ad
819 2857 1048 2937 persuadendum
1073 2859 1189 2914 minime
1211 2860 1287 2927 apta.

175 2954 259 3012 Unde
280 2954 389 3010 factum
411 2970 473 3012 csse
494 2959 572 3026 puto,
595 2960 627 3010 ut
641 2971 813 3026 quamquam
827 2956 864 3012 ab
878 2971 912 3013 eo
927 2959 990 3012 tota
1005 2955 1134 3025 quaestio
1156 2957 1291 3010 accurate

177 3055 358 3122 pertractata
380 3055 424 3108 est
445 3054 479 3108 ea
509 3052 636 3123 ratione,
670 3068 726 3122 qua
751 3052 812 3108 sola
839 3053 876 3110 ad
897 3055 1008 3108 certum
1034 3051 1119 3107 finem
1145 3048 1291 3123 perveniri

175 3151 282 3220 potest,
303 3153 400 3204 tamen
426 3148 518 3205 denuo
550 3149 601 3206 illo
628 3166 685 3207 non
710 3153 842 3221 respecto
870 3147 1053 3206 coniecturae
1074 3147 1174 3205 variae
1200 3162 1290 3217 neque

176 3246 213 3301 ab
235 3245 295 3301 ulla
315 3251 399 3316 parte
421 3246 568 3304 stabilitae
589 3247 714 3317 proferri
729 3250 847 3318 coeptae
868 3246 933 3301 sint.
976 3243 1057 3302 Sicut
1078 3261 1195 3316 prorsus
1216 3259 1291 3300 nova

177 3342 339 3398 attulerunt
360 3347 390 3399 et
412 3340 600 3418 miltheyus),
625 3360 688 3401 cum
709 3343 981 3416 Metamorphoscon
1001 3342 1092 3399 libros
1113 3339 1290 3413 ab'Apuleio

250 3494 270 3560 ¹]
291 3493 381 3548 Illam
403 3493 469 3548 Mora.
487 3491 551 3547 XIX
573 3509 619 3562 pp.
638 3493 780 3546 243-254
807 3494 835 3546 et
853 3491 961 3546 Studien
983 3494 1038 3546 aad
1059 3490 1292 3545 Clearalrlcrrbtr'kea

177 3597 223 3651 pp.
242 3582 392 3636 stt-457.

250 3672 272 3738 ²)
292 3671 325 3724 de
339 3670 462 3724 Lucieno
476 3668 573 3738 libelli,
588 3670 636 3740 qui
648 3669 812 3724 inscribitur
823 3669 933 3737 Lucius,
947 3671 1069 3724 auctore.
1088 3668 1200 3738 Lipsiae
1215 3669 1292 3722 1868.

249 3759 270 3828 ³)
290 3761 479 3829 Zeicacbrr'ftf.
500 3767 560 3813 cert.
581 3760 656 3830 Gyas.
674 3757 767 3813 XXIII
786 3775 832 3829 pp.
852 3760 991 3814 323-341
1013 3762 1041 3814 et
1059 3760 1208 3814 403-421.

249 3850 271 3917 ⁴)
293 3851 426 3919 Gdttiapcr
446 3848 567 3902 Festrede
592 3847 664 3902 1879
684 3868 711 3919 p.
734 3851 774 3903 12.
813 3849 867 3914 „Ea
891 3850 954 3902 lriast
975 3851 1044 3916 siclt,
1068 3865 1139 3901 arata
1161 3848 1201 3900 iob
1223 3847 1294 3899 aicit
1341 3888 1344 3893 .

179 3940 241 4004 irre,
261 3939 471 3992 wabrscbeialicb
490 3939 609 4004 ruochere,
636 3939 696 3991 duaa
714 3939 840 4006 Apuleius
858 3945 945 3990 ruera
964 3938 1004 3990 die
1028 3936 1245 4005 Metamorphoses
1267 3937 1294 3987 ia

179 4028 262 4080 saaca
276 4027 404 4097 jainpereo
423 4028 521 4081 Jalren
539 4027 595 4079 aad
612 4028 680 4079 wohl
697 4027 760 4079 chae
778 4028 863 4079 selben
877 4026 975 4078 utalaae
985 4025 1125 4093 priecbiacb
1144 4025 1293 4092 bacuapcb,
