2902 4702
612 369 832 434 ,33-

166 559 325 633 Apuleium
356 561 465 619 dnobus
496 560 557 618 illis
581 560 652 617 locis
672 560 800 632 paullum
821 561 981 620 immutatis
1002 564 1074 621 satis
1095 564 1167 622 scite
1188 582 1283 624 remo-

166 657 251 716 visse.
294 659 393 730 Atque
424 658 450 716 si
477 663 592 730 spectas
617 657 730 715 initium
754 657 940 731 illiusquam
971 676 1058 733 supra
1089 661 1177 720 attuli
1198 662 1283 723 Lucii

167 755 395 826 percontationis
419 753 494 823 ,Sed
514 769 588 825 quae
603 753 746 812 sciscitari
766 770 877 827 paene
897 757 1099 828 praeterivi
1111 763 1124 789 “
1142 774 1176 816 eo
1191 759 1282 819 fontis

166 852 363 910 narrationem
377 869 442 910 eum
455 852 560 910 leviter
573 851 699 911 voluisse
714 851 911 923 perstringere
931 852 1026 910 facilis
1047 858 1092 911 est
1106 855 1280 914 coniectura.

248 950 357 1009 Lucius
377 949 407 1007 in
428 949 539 1008 asinum
560 953 687 1007 mutatus
707 949 737 1006 in
758 949 902 1006 stabulum
916 966 947 1008 se
961 951 1083 1020 confert,
1106 953 1155 1010 ubi
1168 954 1283 1026 reliqua

166 1049 296 1107 iumenta
316 1047 505 1105 versabantur
525 1046 621 1118 ibique
642 1047 708 1116 equi
725 1046 769 1104 sui
783 1047 967 1119 malignitate
978 1048 1016 1106 ad
1028 1049 1119 1107 risum
1129 1065 1160 1108 se
1174 1054 1284 1108 motum

167 1161 231 1204 esse
250 1149 355 1202 narrat
375 1144 425 1202 sed
445 1160 499 1215 pro
520 1144 580 1201 risu
594 1143 743 1201 rudivisse.
775 1142 879 1202 Adicit
894 1144 996 1202 deinde
1010 1145 1082 1203 haec
1092 1148 1183 1206 verba
1196 1149 1283 1206 ταῦτα

109 1311 112 1318 Ι
165 1241 215 1318 γὰρ
247 1240 371 1299 ἐνενόουν
401 1240 469 1317 πρὸς
490 1239 617 1314 ἐμαυτὸν·
646 1239 669 1296 ὦ
694 1245 743 1316 τῆς
764 1238 876 1317 ἀκαίρου
897 1240 997 1317 ταύτης
1017 1242 1175 1320 περιεργίας·
1196 1244 1224 1302 τί
1243 1245 1283 1316 δέ,

167 1340 190 1398 εἰ
222 1337 303 1401 λύκος
334 1336 504 1414 παρειςέλθοι
524 1335 542 1412 ἢ
564 1334 631 1395 ἄλλο
651 1359 677 1394 τι
696 1336 806 1413 θηρίον;
827 1337 1009 1396 κινδυνεύεταί
1029 1361 1075 1413 μοι
1096 1340 1181 1416 μηδὲν
1196 1342 1283 1401 κακὸν

167 1434 326 1511 πεποιηκότι
357 1433 544 1511 διαφθαρῆναι.
576 1435 660 1491 ταῦτα
681 1432 782 1491 ἐννοῶν
802 1434 916 1510 ἠγνόουν
937 1435 951 1492 ό
973 1436 1108 1514 δυστυχὴς
1127 1436 1159 1494 τὸ
1180 1437 1283 1512 μέλλον

170 1532 266 1593 κακόν.
298 1531 443 1604 Apertum
464 1538 508 1590 est
528 1531 698 1604 scriptorem
719 1531 795 1589 hunc
814 1533 991 1590 narrationis
1011 1549 1196 1606 progressum
1216 1534 1283 1593 elfi-

167 1647 233 1690 cere
254 1631 389 1700 volnisse,
408 1635 453 1687 ¹ut
474 1630 571 1688 asinus
592 1629 643 1688 illo
665 1646 716 1688 suo
737 1630 836 1688 ruditu
856 1631 970 1702 iniquae
990 1647 1060 1690 suae
1081 1633 1167 1691 sortis
1181 1635 1283 1692 memi-

165 1728 255 1786 nisset
285 1727 406 1798 ideoque
436 1726 670 1798 intempestivam
691 1726 889 1784 curiositatem
916 1728 997 1799 queri
1016 1728 1166 1801 inciperet,
1188 1747 1282 1803 neque

165 1825 259 1883 minus
280 1828 412 1897 apertum
436 1829 481 1882 est
492 1824 642 1882 consilium
662 1823 734 1880 illud
748 1823 851 1880 inillis
867 1828 955 1890 certe,
979 1840 1051 1896 qnae
1064 1841 1140 1883 nunc
1153 1832 1281 1895 exstant,

167 1923 283 1980 minime
315 1919 483 1993 significari.
516 1921 616 1979 Facile
638 1921 729 1992 igitur
750 1921 874 1979 conicias
893 1921 1077 1980 intercidisse
1098 1923 1280 1994 sententiam,

166 2034 223 2090 qna
243 2019 355 2076 asinum
376 2018 484 2076 dietum
505 2017 544 2075 sit
564 2016 663 2074 ruditu
683 2033 734 2075 suo
756 2017 930 2075 calamitatis
950 2033 1105 2076 memorem
1125 2017 1234 2078 factum
1249 2025 1282 2078 et

166 2115 202 2173 ad
223 2115 375 2173 tristitiam
394 2115 544 2173 redactum
564 2130 637 2172 esse.
668 2113 753 2188 Quod
773 2113 935 2172 firmissimo
949 2113 1016 2172 inde
1029 2116 1180 2188 probatur,
1202 2115 1281 2186 quod

165 2213 312 2284 particula
342 2210 393 2286 γάρ
423 2211 454 2268 in
485 2210 567 2268 initio
588 2211 672 2269 huius
692 2211 749 2270 loci
770 2211 878 2284 posita,
911 2226 975 2268 curn
996 2211 1069 2269 nihil
1089 2212 1210 2282 habeat,
1243 2212 1280 2271 ad
1328 2276 1332 2280 ,

165 2309 240 2380 quod
261 2308 420 2381 pertineat,
452 2311 485 2364 ut
505 2307 564 2364 tale
586 2307 779 2375 enuntiatum,
800 2307 884 2379 quale
906 2305 1074 2378 significavi,
1098 2313 1184 2366 antea
1204 2309 1281 2368 inse·

166 2421 274 2475 ramus,
296 2403 457 2463 necessario
479 2404 614 2476 postulat.
622 2402 645 2477 ¹)
677 2403 779 2462 Omnia
798 2407 879 2462 recte
902 2403 1069 2475 procedent,
1091 2404 1117 2461 si
1130 2405 1203 2463 haec
1217 2404 1281 2464 iere

164 2502 255 2561 verba
276 2502 442 2574 intel‘pones
462 2502 542 2558 τοῦτο
564 2499 594 2557 δέ
608 2522 644 2575 με
658 2504 706 2577 τῆς
720 2499 961 2577 μεταμορφώσεως
975 2497 1051 2563 αὖθις
1065 2499 1209 2575 ἀνέμνησε·
1235 2500 1281 2560 καὶ

165 2598 240 2673 μάλα
262 2597 411 2675 ἐλυπήθην·
437 2595 591 2674 estrepiq
613 2602 666 2656 etc.
698 2600 760 2658 Iam
782 2598 946 2667 ,Lucianeo‘
968 2602 1051 2656 textu
1065 2604 1199 2656 accurate
1213 2613 1281 2669 per·

166 2701 294 2754 tractato
332 2695 440 2754 rectius
472 2695 560 2752 etiam
590 2695 717 2752 iudicare
748 2695 905 2766 poterimus
937 2693 973 2752 de
1004 2693 1172 2752 diversitate
1202 2695 1280 2753 inter

166 2793 309 2861 ‚Luciani‘
328 2791 494 2864 Apuleique
519 2792 701 2850 narrationes
721 2793 777 2849 hoc
797 2792 861 2849 loco
882 2791 1088 2849 intercedente.
1135 2790 1280 2849 Adiunxit

166 2890 242 2948 enim
267 2889 409 2961 Apuleius
440 2888 478 2946 ad
507 2888 636 2960 lepidam
666 2888 702 2945 de
733 2888 799 2959 equi
828 2887 1010 2959 malignitate
1041 2887 1168 2945 fabulam
1191 2887 1279 2945 aliam

167 2986 269 3045 similis
300 2985 459 3056 argumenti
478 2984 726 3055 historiunonlam,
760 2983 901 3055 quomodo
921 2983 1029 3041 Lucius
1049 2981 1085 3040 ab
1106 2982 1196 3054 ipsius
1217 2997 1277 3038 ser-

167 3083 233 3140 vulo
248 3082 443 3140 cmdelisslme
457 3083 598 3140 mulcatus
609 3085 693 3140 esset.
715 3082 862 3140 Disseruit
872 3081 908 3139 de
922 3097 958 3139 ea
971 3080 1120 3139 Knantins
1133 3080 1279 3151 multaque

167 3181 197 3238 in
229 3196 264 3237 ea
294 3179 350 3237 sibi
380 3179 522 3238 invenisse
552 3180 631 3238 visus
661 3183 719 3248 est,
751 3195 824 3251 quae
855 3195 942 3237 sanae
968 3178 1058 3237 menti
1078 3183 1278 3251 repugnarent.

172 3275 263 3345 „Nam
284 3277 421 3348 primurn,
454 3277 504 3344 ait,
526 3276 706 3348 probabilius
727 3282 779 3348 est,
802 3275 965 3348 equisonem
986 3276 1155 3349 priusquam
1176 3274 1281 3337 fustem

168 3373 329 3445 adriperet,
355 3373 493 3431 miratum
514 3373 701 3445 quaesivisse,
733 3373 808 3432 unde
829 3374 947 3445 ignotus
968 3373 1066 3431 asinus
1086 3374 1116 3431 in
1136 3372 1281 3430 stabulum

239 3524 257 3589 ¹)
277 3521 357 3588 Quod
386 3536 448 3575 omn
467 3537 523 3576 non
541 3521 764 3591 perspexissent,
792 3522 883 3576 varias
903 3520 1077 3576 coniecturae
1096 3519 1132 3575 de
1149 3520 1202 3575 hoc
1220 3519 1281 3575 loco

165 3611 220 3666 viri
248 3610 322 3666 docti
350 3609 528 3679 protulerunt
554 3609 605 3664 sed
632 3626 746 3664 sensum
764 3625 863 3664 sanum
880 3611 1029 3665 restituere
1048 3625 1105 3663 non
1121 3609 1281 3678 potuerunt.

165 3698 296 3769 Plerique
314 3698 355 3753 ita
382 3715 413 3753 se
431 3697 506 3753 huno
524 3698 616 3753 locum
634 3714 734 3753 sanare
752 3714 836 3768 posse
854 3698 909 3753 sibi
926 3699 980 3753 risi
998 3699 1077 3766 sunt,
1114 3699 1146 3752 ut
1163 3695 1282 3750 molesta

165 3788 216 3841 illa
233 3788 371 3856 particula
388 3787 435 3859 peip
455 3787 565 3842 sublata
582 3785 689 3859 proqdp
709 3785 773 3859 B‘dp'
792 3787 986 3855 rescriberent,
1005 3785 1055 3841 sed
1072 3786 1226 3841 omiserunt
1241 3783 1282 3836 illi

167 3873 360 3929 difficultatem
377 3891 434 3930 non
453 3875 543 3930 solum
561 3875 591 3930 in
609 3874 659 3930 illa
676 3891 744 3931 voce
762 3875 808 3948 γάρ
820 3875 942 3945 positam
955 3890 1025 3943 esse,
1044 3873 1094 3928 sed
1106 3873 1186 3937 ineo,
1207 3869 1281 3939 quod

165 3962 324 4018 necessario
343 3956 427 4018 eausa
444 3964 606 4034 requiritur,
627 3981 676 4019 our
687 3964 789 4020 Lucius
808 3964 843 4019 ab
861 3965 922 4018 risu
938 3963 987 4018 illo
1000 3961 1092 4016 subito
1105 3956 1282 4014 descenderit

167 4050 203 4106 ad
221 4050 443 4108 lamentationes.
