2902 4702
611 367 835 428 ..41-

164 556 292 631 Apuleio
313 558 426 615 additas
447 558 485 616 ad
506 559 587 616 illum
607 559 703 618 redire
728 559 809 617 facili
841 577 930 634 opera
952 562 1150 621 demonstrare
1171 579 1277 635 posses.

164 653 278 712 Attulit
312 658 463 726 praetcrea
493 653 712 714 Goldbacbcrus
747 662 811 714 arte
841 657 894 715 has
923 659 1069 716 latronum
1098 659 1280 717 narrationes

165 751 319 810 cohaerere
340 766 403 809 cum
425 751 479 823 eis,
501 768 575 823 quae
596 753 673 825 apud
693 754 847 825 Apuleium
868 753 904 811 de
923 755 1067 812 latronum
1089 755 1280 826 comprehen-

165 847 244 908 sione
265 853 385 906 narrata
405 853 484 918 sunt,
516 865 645 921 quaeque
667 849 704 907 ad
724 851 866 922 integram
887 849 1013 907 fabulam
1032 851 1179 922 pertinere
1193 867 1281 923 supra

163 946 293 1018 exposui.
334 946 410 1005 Nam
431 953 532 1019 aperte
552 947 609 1005 illis
630 963 744 1006 causam
765 947 874 1016 afferri,
895 963 947 1005 cur
966 938 1042 1004 tunc'
1055 963 1129 1007 novo
1150 948 1280 1021 principe

162 1059 295 1114 novaque
320 1044 468 1101 iuventute
488 1043 617 1102 latrones
637 1044 837 1117 indiguissent.
870 1043 979 1104 Verum
1000 1045 1026 1102 si
1039 1044 1094 1102 tali
1109 1045 1228 1103 consilio
1243 1047 1279 1103 ab

164 1145 284 1198 auctore
305 1140 458 1198 adiunctae
479 1147 582 1208 essent,
604 1159 661 1200 non
681 1143 712 1199 in
730 1142 815 1200 initio
828 1143 913 1201 huius
927 1142 1027 1214 partis,
1049 1157 1123 1214 quac
1138 1142 1172 1199 de
1188 1143 1279 1200 latro-

164 1237 249 1295 nibus
270 1237 341 1309 agit,
364 1239 471 1312 apponi
488 1238 640 1309 debebant,
661 1239 712 1297 sed
725 1241 854 1311 proxime
867 1240 950 1298 illum
962 1240 1064 1309 locum,
1086 1239 1137 1296 ubi
1150 1240 1280 1299 latrones

164 1335 343 1406 inquisitioni
375 1336 599 1394 commilitonum
629 1337 763 1395 insistere
795 1352 957 1408 novumque
988 1337 1148 1409 principem
1174 1338 1280 1409 eligere

165 1435 304 1492 statuunt.
346 1431 422 1489 Nam
442 1438 475 1490 ut
495 1448 570 1491 nunc
590 1435 721 1492 narratio
743 1435 902 1507 composita
923 1440 976 1501 est,
998 1436 1102 1492 mirum
1123 1440 1168 1492 est
1189 1450 1280 1493 nouae

165 1530 322 1588 iuventutis
348 1530 528 1602 colligendae
552 1531 748 1603 principisque
768 1531 892 1603 eligendi
911 1532 1113 1590 necessitatem
1133 1547 1169 1590 ex
1190 1533 1281 1604 scrip·

165 1627 239 1685 toris
268 1628 413 1685 sententia
437 1627 578 1685 Lamachi
597 1626 707 1685 Alcimi
727 1626 990 1700 Thrasyleonisque
1021 1633 1113 1686 morte
1145 1629 1279 1686 effectam

164 1725 263 1798 paullo
288 1728 354 1797 post
374 1740 393 1782 a
411 1725 574 1782 latronibus
594 1741 712 1796 prorsus
732 1741 790 1782 non
811 1725 925 1794 sentiri,
957 1726 1008 1782 sed
1027 1727 1144 1798 longum
1166 1727 1279 1793 demum

165 1827 232 1896 post
261 1821 401 1893 temporis
431 1821 615 1878 intervallum
646 1821 744 1878 multis
780 1821 895 1879 interca
924 1822 1011 1879 rebus
1036 1821 1160 1880 feliciter
1180 1823 1278 1894 gestis,

140 1933 144 1940 ·
166 1936 231 1980 cum
256 1920 291 1977 ab
318 1918 498 1990 speculatore
523 1918 681 1979 revertenti
702 1918 827 1977 cladium
847 1919 962 1976 illarum
983 1920 1122 1977 memoria
1143 1925 1280 1977 revocata

167 2021 254 2086 esset,
283 2032 357 2087 qnae
377 2016 434 2072 iam
454 2015 518 2073 fieri
540 2031 655 2073 necesse
676 2016 742 2082 sint,
764 2019 843 2074 recte
864 2015 1004 2088 intellegi.
1048 2017 1139 2088 Quam
1160 2017 1196 2074 ob
1217 2032 1279 2073 rem

166 2115 238 2172 mihi
269 2112 383 2185 quidem
408 2113 486 2170 nullo
508 2112 593 2170 modo
614 2112 752 2170 credibile
772 2112 940 2171 videturne
961 2129 1032 2173 vera
1052 2114 1107 2170 hac
1127 2113 1158 2171 in
1178 2129 1279 2170 nama-

167 2211 245 2270 tione
266 2211 439 2283 scriptorem
459 2207 573 2268 fabulas
593 2209 664 2267 istas
685 2210 846 2281 respexisse
867 2209 961 2267 tribus
982 2209 1064 2267 libris
1085 2214 1154 2267 ante
1175 2226 1280 2268 narra·

165 2316 221 2370 tas
252 2311 352 2381 Neque
373 2309 486 2366 omnino
508 2324 561 2365 eae
582 2307 621 2365 ad
641 2307 721 2364 illam
742 2307 941 2380 explicandam
961 2314 1012 2364 aut
1032 2307 1213 2366 necessariae
1228 2311 1279 2364 ant

166 2413 253 2480 aptae
274 2410 348 2464 sunt.
379 2406 455 2465 Nam
476 2422 512 2464 ea
533 2410 619 2473 certe,
642 2420 714 2476 quae
735 2403 835 2464 V114
858 2405 1031 2474 dictasunt,
1055 2404 1279 2462 commilitonum

166 2504 345 2576 inquisitioni
374 2503 562 2561 insistendum
593 2518 668 2575 esse,
702 2518 766 2559 cum
795 2501 880 2559 multi
905 2503 1032 2561 latrones
1052 2502 1143 2559 variis
1164 2501 1278 2558 casibus

167 2601 367 2674 oppetiverint
382 2601 457 2658 unde
470 2601 501 2658 in
514 2600 616 2672 primis
626 2598 845 2658 Goldbacherus
859 2600 1032 2657 sententiam
1043 2614 1124 2656 suam
1135 2596 1279 2656 effinxisse

166 2698 288 2772 videtur,
311 2699 401 2756 multo
422 2698 517 2770 aptius
539 2701 618 2754 certe
632 2695 738 2754 referri
752 2700 871 2768 possunt
885 2695 923 2752 ad
937 2711 987 2753 eas
1000 2696 1143 2752 latronum
1157 2710 1277 2766 pugnas,

168 2814 240 2872 quae
260 2797 390 2872 proxime
411 2799 634 2853 antecesserunt.
666 2793 723 2869 (VI
739 2793 801 2867 25.)
835 2792 917 2864 Quod
938 2797 1034 2850 autem
1054 2793 1182 2850 latrones
1204 2790 1279 2848 Cha·

167 2896 243 2954 ritae
273 2909 376 2967 sponso
407 2892 530 2951 latronis
560 2891 684 2963 speciem
709 2906 780 2963 prae
801 2905 832 2947 se
852 2889 961 2947 ferenti
981 2888 1117 2946 ducatum
1139 2885 1279 2960 deferunt,

166 2995 221 3052 hoc
243 3009 307 3051 cum
326 2990 426 3050 fabula
448 2991 483 3049 de
496 2989 638 3048 Lamachi
658 2994 751 3046 morte
772 2993 893 3045 narrata
906 3002 998 3057 neque
1013 2987 1169 3044 cohaerere
1183 2991 1280 3057 potest

165 3107 257 3162 neque
287 3089 355 3147 inde
381 3088 529 3161 explicari.
572 3087 646 3145 Nam
671 3104 707 3144 ex
728 3085 824 3143 verbis
844 3084 889 3141 illi
909 3082 1075 3156 praemissis
1097 3082 1154 3157 (IV
1176 3083 1193 3140 8
1219 3080 1280 3150 „At

166 3204 225 3259 vos,
259 3189 308 3259 qui
326 3187 465 3247 Boeotias
485 3185 571 3243 urbes
592 3183 755 3257 adpetistis,
786 3183 849 3256 ipso
876 3181 947 3240 duce
972 3185 1093 3242 vestro
1121 3180 1278 3239 fortissimo

167 3285 313 3344 Lamacho
334 3284 473 3343 deminuti
494 3283 617 3341 debilem
638 3297 786 3341 numerum
805 3280 992 3355 reduxistis“)
1012 3279 1135 3336 dilucide
1158 3281 1281 3350 apparet

166 3384 246 3442 illum
266 3399 323 3442 non
343 3384 488 3442 latronum
509 3380 634 3440 omnium
654 3379 814 3451 principem
834 3378 932 3444 fnisse,
950 3377 1004 3435 sed
1024 3376 1144 3434 alterius
1166 3379 1280 3432 tantum

166 3497 266 3538 manus
286 3482 394 3554 primas
414 3488 513 3552 partes
534 3477 637 3550 egisse.

245 3577 328 3636 Haec
348 3577 440 3649 igitur
460 3575 555 3634 omnia
575 3574 693 3633 futtilia.
726 3572 839 3632 Contra
858 3573 931 3630 illud
951 3569 1095 3644 inprimis
1109 3567 1280 3626 monendum

167 3680 212 3733 est
231 3675 263 3733 in
283 3675 326 3733 eis
346 3673 478 3748 partibus
489 3672 671 3744 narrationis,
693 3687 767 3743 quae
781 3669 943 3728 necessario
958 3669 995 3726 ad
1008 3666 1177 3741 primariam
1192 3664 1278 3722 huius

166 3770 282 3831 fabulae
303 3773 426 3849 immam
445 3770 614 3831 referendae
635 3771 700 3841 sint,
723 3769 850 3826 nativam
871 3765 1188 3839 illamsimplioitatem,
1205 3776 1279 3833 quae

167 3876 272 3943 regnat
291 3885 345 3943 per
364 3872 457 3928 totam
477 3869 552 3927 hanc
573 3867 714 3938 fabulam,
747 3871 777 3923 et
797 3881 870 3937 quae
890 3864 1028 3923 abhorret
1049 3878 1067 3920 a
1087 3859 1279 3934 posteriorum

166 3970 328 4029 fabularum
342 3966 567 4027 Romanensium
578 3963 734 4037 sophistica
755 3962 968 4034 consuetudine,
990 3960 1078 4018 etiam
1091 3960 1122 4016 in
1134 3957 1279 4015 latronum

166 4068 229 4127 vita
258 4068 441 4140 moribusque
472 4063 666 4124 describendis
690 4061 769 4120 haud
790 4061 876 4120 dubie
896 4059 1024 4134 agnosci.
1066 4058 1141 4116 Nam
1162 4072 1226 4114 cum
1248 4055 1279 4113 in
