2902 4702
627 317 819 377 u.q..

165 513 195 571 δὲ
215 513 263 589 τήν
283 511 378 590 φράσιν
393 511 479 589 σαφής
500 534 529 568 τε
544 509 589 569 καὶ
604 508 724 586 καθαρός
745 508 790 567 καὶ
811 507 887 583 φίλος
906 507 1080 584 γλυκύτητος·
1123 510 1229 586 φεόγων
1251 513 1280 569 δὲ

164 612 213 687 τήν
235 610 263 667 ἐν
286 609 372 684 λόγοις
393 607 565 683 καινοτομίαν
588 608 625 671 εἰς
646 607 797 684 ὑπερβολὴν
819 605 911 665 διώκει
936 607 985 682 τήν
1012 606 1040 663 ἐν
1061 610 1116 670 τοῖς
1138 608 1280 684 διηγήμασι

165 707 312 786 τερατείαν,
334 706 379 765 καὶ
400 707 438 770 ὡς
459 704 490 763 άν
510 728 547 768 τις
567 705 644 774 είποι,
660 703 741 768 ἄλλος
760 703 815 762 ἐστὶ
829 703 989 767 Λουκιανός.
1033 704 1058 762 οί
1079 705 1108 762 δέ
1128 727 1158 778 γε
1180 710 1281 783 πρῶτοι

166 805 247 864 αὐτοῦ
274 803 321 862 δόο
354 803 426 877 λόγοι
447 802 530 878 μόνον
562 802 593 860 οὐ
625 801 832 879 μετεγράφήσαν
853 800 966 877 Λουκίιρ
993 801 1025 860 ἐκ
1049 805 1097 859 τοῦ
1126 801 1281 862 Λουκιανοῦ

167 903 260 977 λόγου,
293 901 323 964 δς
349 900 535 978 ἐπιγέγραπται
556 898 696 977 Λοῦκιςῆ
722 897 818 969 Ὄνος,
850 897 922 974 ήὲκ
953 902 1007 956 τῶν
1039 898 1160 958 Λουκίου
1194 901 1281 975 λόγων

166 1000 321 1075 Λουκιανῷ.
365 1001 436 1056 ἐὀικε
458 997 488 1055 δὲ
509 1001 612 1071 μᾶλλον
635 997 649 1054 ὁ
671 995 823 1059 Λουκιανὸς
849 995 1047 1072 μεταγράφοντι
1073 996 1136 1055 ὅσον
1159 998 1277 1063 εἰκάζειν.

165 1097 204 1161 τίς
228 1096 278 1173 γάρ
308 1095 400 1173 χρόνῳ
418 1092 604 1171 πρεσβύτερος,
639 1090 714 1151 οὔπω
736 1095 837 1171 ἔχομεν
863 1096 969 1168 γνῶναι,
1015 1094 1060 1152 καί
1090 1095 1139 1172 γὰρ
1171 1096 1209 1158 ὡς
1230 1096 1282 1153 ἀπὸ

167 1193 287 1256 πλάτους
307 1197 361 1249 τῶν
383 1189 503 1248 Λουκίου
526 1190 612 1264 λόγων
635 1190 649 1246 ό
670 1188 822 1253 Λουκιανὸς
849 1189 1035 1254 ἀπολεπτόνας
1066 1191 1110 1250 καὶ
1141 1192 1281 1269 περιελών,

167 1291 218 1349 όσα
233 1291 271 1367 μὴ
287 1289 375 1348 ἐδόκει
386 1287 459 1364 αὐτῷ
471 1287 537 1365 πρὸς
550 1288 596 1345 τὸν
611 1287 709 1346 οἰκεῖον
724 1286 844 1365 χρήσιμα
860 1287 969 1354 σκοπόν,
992 1287 1083 1352 αὐταῖς
1095 1311 1125 1347 τε
1140 1289 1224 1355 λέξεσι
1239 1293 1283 1349 καὶ

168 1386 318 1453 συντάξεσιν
333 1385 370 1450 είς
384 1385 432 1443 ἕνα
445 1385 479 1442 τά
496 1384 575 1443 λοιπὰ
595 1384 766 1461 συναρμόσας
786 1384 872 1459 λόγον,
896 1383 995 1448 Λοῦκις
1018 1384 1133 1462 ήὌνος
1147 1387 1283 1464 ἐπέγραψε

167 1487 197 1543 τὸ
225 1484 329 1544 ἐκεῖθεν
361 1481 541 1559 ὑποσυληθὲν.
583 1481 658 1556 γε’μει
685 1481 714 1538 δὲ
739 1481 753 1538 ό
780 1481 910 1558 ἑκατέρου
937 1482 1015 1557 λόγος
1040 1484 1206 1559 πλασμάτων
1234 1486 1282 1560 μὲν

170 1582 302 1658 μυθικῶν,
335 1578 525 1659 ἀρρήτοποιίας
551 1579 580 1636 δὲ
602 1579 722 1657 αἰσχράς.
764 1579 833 1654 πλὴν
855 1580 869 1636 ὁ
896 1579 946 1654 μὲν
972 1578 1124 1646 Λουκιανὸς
1150 1582 1283 1641 σκώπτων

168 1680 213 1738 καὶ
239 1678 371 1756 διασόρων
399 1680 447 1754 τὴν
467 1675 631 1752 Ἑλληνικήν
660 1676 872 1751 δεισιδαιμονίαν,
905 1678 996 1755 ὥσπερ
1028 1679 1078 1738 κάν
1103 1685 1158 1744 τοῖς
1184 1679 1281 1752 άλλυις,

168 1777 213 1836 καὶ
234 1779 328 1835 τοῦτον
350 1775 515 1846 συνέταττεν,
538 1774 553 1831 ὁ
575 1773 604 1831 δὲ
618 1772 737 1836 Λοόκιος
757 1773 915 1840 σπουδάζων
936 1798 965 1833 τε
989 1776 1033 1834 καλ
1053 1778 1146 1841 πιστάς
1168 1779 1283 1853 νομίζων

167 1875 214 1939 τὰς
241 1874 268 1940 ἐξ
290 1873 443 1951 ἀνθρώπων
466 1872 502 1936 εἰς
523 1872 658 1947 ἀλλήλους
684 1871 908 1949 μεταμορφώσεις
929 1871 977 1937 τάς
997 1896 1027 1931 τε
1051 1873 1078 1939 ἐξ
1110 1875 1215 1948 ἀλόγων
1248 1877 1284 1937 είς

169 1971 331 2048 ἀνθρώπους
352 1971 397 2029 καὶ
418 1969 547 2028 ἀνάπαλιν
569 1968 614 2027 καὶ
635 1969 680 2027 τὸν
703 1966 784 2027 άλλον
805 1973 859 2026 τῶν
880 1974 1001 2028 παλαιῶν
1024 1970 1119 2045 μόθων
1134 1971 1217 2029 όθλον
1240 1972 1284 2031 καὶ

170 2069 309 2147 φλήναφον
331 2070 422 2145 γραφή
443 2065 587 2143 παρεδίδου
608 2069 692 2123 ταῦτα
714 2066 759 2124 καὶ
780 2066 943 2143 συνύφαινεν.

249 2166 355 2237 Incipit
382 2165 503 2221 Photius
528 2169 561 2221 ut
582 2165 657 2221 solet
682 2182 700 2220 a
725 2165 793 2221 libri
820 2169 915 2241 quemJ
931 2165 1016 2223 affert
1041 2168 1135 2225 iudice
1163 2165 1284 2225 Λουκίου

170 2263 299 2340 Πατρέως
315 2260 556 2338 μεταμορφώσεων
575 2260 647 2332 λόγοι
662 2260 792 2336 διάφοροι.
823 2262 926 2319 Omnes
937 2263 998 2321 fere
1011 2265 1064 2320 viri
1075 2265 1152 2320 docti
1164 2263 1285 2340 διάφοροι

169 2361 258 2418 iudici
284 2361 462 2428 tribuerunt,
494 2357 529 2414 de
563 2375 619 2428 qua
643 2374 676 2413 re
702 2357 785 2413 valde
816 2358 923 2415 dubito.
968 2359 1067 2429 Neque
1094 2360 1169 2416 enim
1194 2361 1284 2416 ullum

171 2459 265 2514 locum
282 2456 425 2528 cognitum
440 2454 531 2511 babeo
547 2453 634 2510 totius
645 2451 743 2510 Photii
756 2453 956 2526 bibliothecae,
972 2455 1020 2512 ubi
1034 2456 1088 2512 hoc
1103 2457 1283 2525 adiectivuuq

169 2554 246 2626 quod
267 2553 343 2610 baud
364 2569 432 2609 saue
459 2567 525 2608 raro
551 2551 697 2608 invenitur
717 2551 746 2607 in
772 2551 900 2607 codicum
920 2552 1023 2623 initiis,
1050 2568 1113 2609 cum
1134 2555 1196 2627 ipso
1218 2554 1285 2611 libri

172 2653 258 2710 titulo
279 2651 468 2724 probabiliter
495 2649 629 2720 coniungi
655 2649 753 2720 possit.
797 2649 888 2707 Immo
916 2650 1045 2707 omnibus
1072 2651 1143 2709 locis
1164 2654 1200 2708 ab
1222 2653 1284 2724 ipso

170 2751 273 2809 Photio
307 2750 450 2807 adiectum
483 2764 544 2805 esse
575 2748 645 2804 mibi
676 2747 789 2804 videtur
817 2746 854 2805 ad
879 2764 976 2804 corum
1002 2748 1142 2806 librorum
1168 2750 1284 2819 iudices,

170 2850 200 2906 iu
221 2849 323 2918 quibus
343 2847 418 2904 varii
439 2845 600 2915 diversique
623 2845 785 2915 argumenti
800 2844 909 2918 scripta
923 2847 1044 2902 inerant.
1090 2848 1189 2917 Neque
1211 2848 1285 2903 euim

171 2946 256 3003 aliter
276 2961 390 3015 possum
412 2943 597 3012 intellegere.
622 2942 700 3012 quod
727 2948 771 2999 est
796 2942 825 2999 iu
848 2943 953 3000 codicis
980 2944 1122 3001 16111110
1150 2941 1285 3001 ἐπιστολαὶ

172 3042 309 3119 διάφοροι,
331 3043 456 3112 itemque
480 3041 526 3109 32,
555 3041 612 3097 194
638 3040 682 3097 vel
708 3041 738 3096 in
765 3040 862 3097 codice
887 3043 943 3098 100
964 3040 1074 3115 μελέται
1105 3039 1226 3118 διάφοροι
1247 3042 1285 3097 sl·

174 3141 309 3210 miliaque
333 3140 398 3209 101,
424 3139 489 3208 131,
515 3131 579 3206 132,
606 3137 670 3208 165,
695 3137 751 3194 228
767 3137 837 3194 alibi
856 3139 902 3195 vel
926 3138 956 3194 in
972 3138 1069 3196 codice
1093 3140 1149 3196 102
1171 3138 1286 3215 διάφορα

172 3235 368 3314 ἐπιχειρήματα
384 3235 428 3292 vel
442 3234 472 3291 in
487 3234 549 3292 cod.
569 3234 624 3291 128
647 3233 773 3310 ἑταιρικοὶ
792 3234 865 3308 λόγοι
889 3233 1011 3312 διάφοροι
1025 3237 1072 3295 vel
1093 3237 1123 3294 in
1144 3237 1204 3294 cod.
1220 3239 1283 3303 „161

172 3332 325 3409 Σωπάτρου
347 3329 458 3405 ἐκλογαὶ
479 3329 602 3407 διάφοροι
623 3329 651 3386 ἐν
667 3329 772 3405 βιβλίοις
794 3327 860 3406 q'.¹)
901 3317 995 3402 Quare
1016 3333 1071 3391 hoo
1092 3349 1203 3404 quoque
1224 3335 1285 3391 loco

175 3447 227 3504 ego
248 3430 418 3503 propensior
439 3445 500 3487 sum
523 3429 559 3486 ad
582 3444 644 3485 cam
666 3429 850 3494 sententiam,
872 3434 905 3485 ut
924 3429 1021 3487 libello
1047 3431 1092 3488 illi
1116 3431 1288 3503 simpliciter

172 3529 341 3600 inscriptum
372 3527 459 3584 fuisse
490 3532 587 3599 putem
614 3524 854 3602 μεταμορφώσεων
887 3525 961 3600 λόγοι
987 3527 1099 3587 adiecto
1131 3530 1287 3602 numer0.²)

247 3680 266 3746 ¹)
286 3677 339 3731 Pro
350 3691 414 3730 vcro
429 3674 521 3730 indice
535 3674 633 3729 hebuit
644 3675 867 3751 Westermonnus
878 3673 988 3744 (Pauly.
999 3676 1129 3732 Rculeno.
1143 3676 1289 3745 Sopatros)

172 3766 291 3836 ideoque
315 3765 440 3833 suidam,
465 3780 527 3818 cum
550 3763 635 3818 ulium
662 3763 745 3817 huius
773 3763 862 3819 libelli
884 3764 999 3819 titulum
1023 3765 1154 3833 traderet,
1179 3779 1287 3817 errasse

174 3849 317 3910 coriclusit.
355 3852 435 3919 Quod
455 3869 505 3919 ego
525 3852 644 3922 probare
663 3868 719 3906 nou
738 3869 860 3922 possum.

249 3944 269 4011 ²}
284 3942 328 3998 Sic
347 3942 484 4012 Apuleius
504 3957 614 4013 quoquc
633 3940 735 3996 librum
754 3957 836 3996 suum
854 3942 996 4011 inscripsit
1018 3940 1288 4010 ‚Metamorphoscon

174 4031 239 4086 libri
250 4030 445 4086 Xl‘.Similiter
455 4046 549 4085 omncs
560 4028 724 4085 fcrcGrecci
734 4028 890 4084 fabularum
901 4030 1119 4084 Romanensium
1129 4029 1286 4099 scriptores
