2902 4702
649 394 869 455 -ῃ,

205 587 377 665 μορφώσεων·
398 587 478 662 λόγοι.
487 587 509 662 ¹)
541 587 660 644 Duobus
681 585 826 658 prioribus
847 585 908 643 cius
928 584 1011 643 libris
1032 585 1153 643 eandem
1174 602 1235 642 rem
1249 600 1317 643 nar·

203 691 298 744 ratam
320 702 382 744 esse
403 690 489 757 atque
509 685 540 742 in
557 683 652 745 Asino
668 684 834 753 ,Lucianeo‘
854 683 897 740 ita
910 687 1015 754 tamen,
1037 687 1070 740 nt
1084 681 1206 740 historia
1220 682 1317 755 paullo

203 784 291 841 latior
311 789 341 840 et
360 781 452 840 fusior
473 787 557 854 esset,
581 785 611 840 et
630 781 771 838 nonnulla
791 780 915 849 adiecta,
938 796 1011 851 quae
1026 796 1089 837 cum
1103 779 1190 837 Lucii
1204 780 1318 838 casibus

204 886 341 938 nontam
362 884 427 938 arte
448 880 646 938 cohaererent.
676 876 766 935 Patet
786 877 852 934 hinc
873 876 908 934 de
929 876 1032 934 horum
1046 875 1166 933 duorum
1177 875 1317 933 librorum

204 976 368 1050 Apuleiqne
389 975 661 1047 Metamorphoseon
693 973 792 1031 ordine
823 973 896 1030 nihil
927 973 1000 1030 certi
1030 989 1083 1031 nos
1109 988 1193 1045 posse
1215 972 1319 1030 elicere

203 1074 324 1145 ideoque
355 1073 413 1130 iam
439 1072 476 1130 ad
507 1089 570 1130 eam
595 1072 673 1129 viam
693 1070 833 1140 relegari,
865 1085 950 1140 quam
971 1086 1058 1142 snpra
1078 1069 1254 1141 significavi,
1287 1073 1320 1126 ut

205 1171 297 1228 Asino
310 1170 473 1239 ,Lucianeo‘
484 1168 824 1240 Metamorphosibusqne
838 1166 1008 1239 Apuleianis
1028 1166 1185 1237 diligenter
1206 1182 1319 1239 compa-

205 1267 277 1324 ratis
297 1266 400 1324 saltem
415 1265 449 1322 de
464 1265 577 1322 ratione
597 1264 674 1321 inter
693 1264 747 1321 hos
760 1263 832 1322 dnos
845 1263 935 1321 libros
950 1265 1105 1336 conspicua
1118 1262 1230 1320 firmum
1245 1263 1320 1321 iudi-

207 1363 282 1421 cium
296 1362 372 1421 ferre
387 1363 534 1434 possimus.
566 1361 641 1421 Nam
656 1363 690 1420 de
704 1361 757 1420 hac
771 1377 882 1432 quoque
903 1378 936 1420 re
957 1360 1150 1421 diversissime
1163 1362 1321 1420 indicatum

207 1465 264 1530 est,
296 1476 360 1517 cum
391 1460 441 1517 alii
464 1460 620 1531 Apuleium
643 1459 839 1517 narrationem
861 1475 941 1516 suam
963 1475 999 1517 ex
1021 1459 1169 1529 ‚Lucieno‘
1191 1460 1319 1518 hausisse

206 1551 381 1630 putaverint,
404 1557 456 1615 alii
476 1556 638 1615 Lucienum
670 1574 704 1614 ex
726 1556 861 1629 Apuleio,
885 1557 936 1615 alii
956 1561 1109 1629 utrumque
1129 1556 1259 1615 libellum
1285 1573 1320 1614 ex

206 1654 346 1712 communi
368 1653 455 1712 fonte.

679 2105 802 2191 Caput
825 2103 862 2170 ΙΙ.

289 2282 373 2340 Lucii
403 2282 432 2339 in
466 2281 577 2340 asinum
609 2281 823 2340 transformatio
854 2281 947 2340 tribus
978 2282 1099 2340 diversis
1126 2282 1269 2354 opusculis
1290 2283 1319 2341 in

208 2380 382 2450 antiquitate
410 2383 538 2437 tractata
564 2384 621 2448 est,
653 2395 774 2449 quorum
800 2379 856 2437 duo
878 2378 960 2437 nobis
982 2383 1193 2446 servaberunt,
1215 2378 1324 2438 Asinus
1417 2441 1421 2448 ,

209 2476 392 2541 ‚Lucianeus‘
414 2476 579 2549 Apuleiqne
592 2477 861 2550 Metamorphoscon
881 2476 950 2534 libri
963 2477 1015 2534 XI.
1046 2476 1104 2550 Qui
1125 2493 1189 2535 cum
1209 2477 1239 2534 in
1252 2477 1324 2550 ipsis

208 2573 293 2631 Lucii
324 2574 437 2632 casibus
458 2574 626 2632 enarrandis
656 2575 759 2631 mirum
789 2574 821 2630 in
846 2573 962 2631 modum
983 2573 1020 2631 ad
1040 2573 1159 2632 verbum
1173 2574 1235 2631 lere
1258 2590 1324 2632 con·

209 2669 348 2742 sentiant,
377 2671 563 2729 diversissimi
588 2676 686 2728 tamen
712 2674 779 2728 sunt
800 2674 829 2728 et
850 2671 1055 2743 compositione
1077 2676 1107 2728 et
1128 2671 1237 2729 ambitu
1258 2687 1339 2734 nar.

209 2766 339 2823 rationis
375 2766 451 2824 Nam
475 2783 538 2824 oum
552 2767 582 2823 in
596 2766 684 2824 Asino
707 2766 871 2834 ‚Lucianeo‘
893 2766 1022 2824 narratio
1043 2767 1080 2823 sit
1101 2767 1205 2824 stricta
1226 2768 1324 2825 unius·

209 2879 265 2934 que
289 2863 400 2922 tenoris
422 2869 452 2921 et
473 2863 629 2922 abhorreat
649 2879 667 2921 a
688 2862 911 2934 digressionibus
925 2862 1089 2921 fabularum
1103 2862 1326 2922 Romanensinm

208 2959 403 3033 scriptoribus
423 2960 607 3034 gratissimis,
627 2960 657 3017 in
671 2958 782 3032 Apulei
802 2959 884 3018 libris
905 2961 948 3018 XI
969 2960 1006 3017 ad
1019 2960 1105 3018 Lucii
1126 2977 1208 3020 casus
1227 2950 1327 3034 ing'ens

209 3058 372 3116 fabularum
385 3057 644 3116 diversissimarum
659 3057 773 3115 adiecta
789 3062 834 3116 est
848 3057 1006 3128 congeries,
1028 3057 1171 3129 hilarium,
1187 3058 1324 3127 tristium,

208 3156 381 3223 iocosarum,
396 3172 568 3225 severorum,
591 3155 864 3227 superstitiosarum,
886 3154 1120 3226 superstitionem
1133 3154 1323 3225 irridentium,

209 3267 282 3322 quae
312 3253 467 3325 pleraeque
488 3269 581 3325 neque
601 3253 679 3311 inter·
699 3269 730 3312 se
751 3269 843 3323 neque
865 3269 928 3311 curn
948 3251 1048 3310 fabula
1068 3253 1207 3326 primaria
1227 3252 1325 3324 aliqua

208 3351 322 3408 ratione
345 3351 502 3408 cohaerent
522 3356 608 3422 atque
630 3351 832 3408 diversissimis
853 3350 915 3408 sine
937 3350 1023 3408 dubio
1045 3367 1081 3408 ex
1101 3351 1174 3408 locis
1195 3367 1212 3408 a
1233 3349 1324 3422 scrip-

208 3451 272 3505 tore
304 3462 436 3506 corrosae
470 3447 542 3506 locis
572 3448 664 3520 magis
685 3448 814 3506 minusve
835 3446 946 3506 idoneis
966 3447 997 3504 in
1016 3447 1096 3505 illius
1117 3446 1234 3504 fabulae
1257 3462 1322 3504 oon·

282 3631 302 3698 ¹)
321 3628 454 3686 Libenter
479 3630 595 3685 ltohdeo
623 3631 757 3701 concedo,
785 3631 842 3686 noir
870 3630 1001 3686 credibile
1020 3646 1082 3685 esse
1100 3629 1227 3686 libellum
1245 3628 1325 3683 illum

208 3717 301 3773 Photii
328 3720 420 3774 aetate
448 3734 617 3789 anonymum
643 3717 743 3790 fuisse,
770 3718 957 3791 Photiumque
980 3734 1056 3787 enm,
1085 3718 1133 3789 qui
1160 3717 1324 3788 primariam
1354 3726 1357 3732 ·

209 3805 333 3861 fabulam
346 3806 380 3862 de
393 3807 496 3877 seipso
509 3809 644 3877 narraret,
663 3807 749 3863 totins
768 3807 833 3862 libri
851 3809 994 3863 auctorem
1011 3805 1112 3874 iniisse,
1131 3806 1199 3861 satis
1218 3808 1324 3860 temere

210 3895 387 3967 conclusisse,
408 3896 482 3968 quod
492 3913 547 3953 non
558 3897 702 3952 concinere
712 3913 775 3952 curn
784 3896 878 3951 Photii
896 3895 1096 3952 consuetudine
1110 3894 1324 3950 rec'teRohdens

210 3984 339 4054 exposuit
351 3987 389 4054 (p.
404 3987 431 4054 7)
449 3984 489 4039 At
500 3985 565 4040 inde
578 3984 691 4039 minime
705 3982 776 4039 effici
788 4001 819 4039 re
837 4001 904 4040 vera
923 4001 940 4039 a
958 3983 1043 4038 Lucio
1063 3983 1184 4054 quodam
1196 3982 1324 4038 Patrensi

209 4072 283 4127 huno
302 4073 403 4128 librum
422 4075 610 4143 conscriptum
630 4089 699 4142 esse,
718 4075 765 4127 vix
785 4075 836 4143 est,
856 4073 930 4144 quod
947 4088 1084 4128 moneam.
