2902 4702
376 846 653 957 Sententiae
686 851 1031 958 controversae.

62 1335 66 1344 Ι
170 1257 197 1317 i.
233 1250 455 1338 Xenophontis
471 1249 607 1338 Ephesii
618 1259 771 1339 Ἐφεσιακά
791 1253 928 1339 epitome
944 1257 1020 1318 sunt
1042 1253 1257 1339 inaequaliter

230 1358 317 1422 facta
338 1356 468 1422 fabulae
491 1356 593 1422 multo
617 1358 781 1442 amplioris
804 1377 878 1423 vere
901 1357 1105 1444 sophisticae.

164 1465 194 1528 2.
229 1461 376 1528 Historia
391 1461 557 1548 Apollonii
580 1462 665 1544 regis
681 1462 755 1546 Tyri
779 1483 820 1529 ex
837 1461 960 1529 Graeco
984 1464 1162 1550 exemplari
1188 1486 1256 1530 ma·

231 1569 332 1649 navit,
348 1567 434 1653 quod
456 1573 533 1634 unte
548 1567 772 1653 Xenophontis
795 1576 946 1655 Ἐφεσιακά
966 1570 1181 1656 perscriptum
1197 1574 1255 1639 est.

163 1677 194 1740 3.
229 1673 288 1756 Ea,
317 1694 399 1759 quae
427 1674 579 1756 leguntur
605 1675 639 1740 in
666 1675 697 1740 h.
723 1676 764 1740 A.
789 1697 814 1740 r.
838 1674 873 1741 T.
897 1696 917 1741 a
946 1695 1015 1763 cap.
1045 1677 1186 1758 uit-32,
1215 1696 1256 1742 ex

230 1780 348 1846 fabella
371 1781 480 1866 aliqua
505 1781 654 1867 populari
677 1782 711 1846 in
733 1802 827 1847 suum
844 1802 939 1847 usum
955 1787 1067 1849 auctor
1090 1783 1256 1849 convertit..

162 1890 195 1952 4.
229 1885 264 1952 In
288 1885 319 1951 h.
343 1887 384 1951 A.
409 1907 435 1951 r.
457 1887 493 1954 Τ.
515 1907 585 1973 cap.
610 1890 652 1954 34
674 1908 733 1973 pro
759 1887 938 1974 „quomodo
961 1891 1067 1955 tecum
1096 1887 1254 1954 novilia?“

100 1983 104 1995 '
230 1991 315 2077 quod
332 1991 433 2058 codex
444 1995 459 2069 β
472 1992 613 2075 exhibet,
626 1993 781 2081 (editores
798 1995 892 2078 vulgo
909 1995 1064 2061 omittunt
1079 1994 1257 2078 „novilia“)

229 2098 402 2180 „novicia“
426 2098 631 2165 scribendum
655 2104 713 2166 est.

164 2205 193 2269 5.
231 2203 397 2269 Iambliohi
426 2213 590 2290 δραματικόν
611 2210 700 2272 recte
713 2205 832 2272 Suidas
845 2204 979 2271 tradidit
994 2206 1127 2289 triginta
1142 2224 1255 2271 novem

226 2308 327 2375 libros
351 2307 640 2394 comprehendisse.

163 2418 192 2479 6.
230 2413 386 2480 Aristidis
410 2421 565 2500 Μιλησιακά
590 2417 699 2483 fabula
722 2422 814 2483 erant
836 2417 989 2483 continua
1007 2415 1149 2482 Petronii
1175 2416 1256 2481 sati-

229 2541 338 2586 rarum
361 2521 485 2587 similis.

165 2630 194 2692 7.
233 2627 353 2713 Apulei
368 2625 644 2715 Metamorphoses
660 2629 728 2695 sine
744 2630 872 2696 nomine
895 2629 999 2696 editas
1023 2648 1093 2696 esse
1117 2629 1255 2715 primum

231 2736 329 2819 caput
352 2733 475 2818 probat.

166 2841 197 2903 8.
233 2837 439 2904 Narrationis
474 2838 513 2904 de
541 2837 720 2905 Promethei
752 2839 866 2906 fraude
897 2841 1000 2905 forma
1029 2837 1182 2926 primaria
1208 2838 1256 2904 ita

227 2944 405 3029 composita
429 2944 505 3025 init,
536 2947 574 3009 ut
588 2944 717 3031 Jupiter
739 2947 888 3012 inscius
912 2945 1125 3032 deciperetur.
1164 2942 1254 3020 Quod

224 3069 299 3115 cum
316 3047 478 3115 Hesiodus
500 3050 647 3127 mutavit,
673 3052 801 3118 fabulae
824 3072 954 3118 sensum
971 3052 1122 3138 corrupit.

163 3157 194 3218 9.
231 3154 268 3219 Iu
293 3153 412 3220 Catulli
436 3157 578 3223 carmine
595 3160 637 3221 29
665 3159 802 3224 extremi
817 3157 880 3224 duo
904 3178 1017 3224 versus
1037 3161 1254 3224 anteversum

231 3264 269 3324 11
295 3260 435 3327 iterandi
459 3267 544 3329 sunt.
