2902 4702
612 355 832 418 ..21-

164 549 312 608 machinae
326 548 470 606 novicium
491 549 635 607 clamabat
648 548 759 607 1111111
781 553 811 606 11
832 548 931 606 statim
945 552 979 605 ut
1000 547 1131 606 cubiculo
1153 549 1277 620 primum

164 650 354 719 processerat,
380 645 514 704 insistens
534 646 652 704 iubebat
672 646 812 705 incoram
834 645 878 704 sui
891 646 993 718 plagas
1014 645 1085 703 mihi
1111 662 1196 717 quam
1217 647 1281 718 plu·

164 746 251 802 rimas
282 743 407 817 irrogari
439 747 468 801 et
499 760 562 801 curn
593 744 764 816 tempestivo
796 743 918 815 prandio
959 742 1128 800 laxarentur
1153 744 1281 802 iumenta

168 845 275 911 111111,Ι
298 841 382 912 longe
397 841 509 898 tardius
523 840 666 914 applicari
686 840 837 913 praesepio
851 839 997 897 iubebat.“
1034 838 1172 897 Videmus
1191 841 1295 914 igitur

164 938 239 996 sicut
259 943 345 995 11111
366 953 524 1009 agasonem
544 937 625 995 illum
647 936 806 1006 crudelem,
833 936 875 994 sio
895 940 964 993 tuno
989 936 1107 1008 pistoris
1133 937 1281 1020 mulierem

164 1036 236 1092 miro
269 1035 390 1106 quodam
417 1035 482 1093 odio
516 1035 629 1092 asinum
657 1039 837 1108 persecutam
864 1049 926 1092 esse
952 1036 1039 1103 atque
1064 1035 1141 1092 omni
1167 1035 1282 1094 ratione

165 1148 228 1189 eum
253 1148 381 1190 vexasse.
429 1130 529 1202 Atque
550 1133 627 1189 sicut
648 1149 751 1204 agaso,
783 1147 847 1188 cum
867 1131 964 1188 asinus
991 1130 1144 1202 aliquando
1165 1116 1282 1189 111111

164 1229 258 1287 111111
289 1227 391 1286 efferre
416 1245 503 1286 ausus
535 1233 626 1299 esset,
658 1227 784 1286 ferocius
813 1229 900 1285 etiam
926 1231 956 1285 11
981 1228 1125 1286 crudelius
1156 1228 1186 1285 in
1218 1245 1282 1287 eum

164 1327 277 1385 saevire
299 1327 436 1400 coeperit,
460 1327 502 1384 sio
524 1327 612 1384 etiam
626 1327 704 1385 illam
726 1326 876 1383 mulierem
898 1330 1119 1384 cousentaneum
1140 1330 1193 1399 est,
1217 1343 1281 1384 cum

166 1425 241 1483 asini
267 1440 357 1497 opera
383 1423 495 1497 flagitia
522 1441 575 1482 sua
599 1421 747 1496 patefacta
768 1428 875 1495 essent,
910 1424 1000 1480 multo
1026 1424 1139 1482 saevius
1164 1423 1195 1480 in
1217 1440 1281 1481 eum

163 1525 323 1593 grassatam
344 1538 415 1591 esse,
438 1521 516 1579 unde
533 1521 620 1579 facile
634 1520 699 1578 fieri
719 1521 823 1592 potuit,
845 1526 878 1577 ut
891 1519 988 1584 λεπτὸς
1011 1519 1078 1577 πάνυ
1099 1519 1144 1578 καὶ
1166 1519 1282 1596 ἀσθενὴς

164 1620 204 1694 τῷ
216 1617 320 1693 σώματι
332 1619 477 1678 evaderet.
511 1611 614 1688 Neque
628 1618 784 1689 quidquam
795 1618 867 1676 facit
877 1622 979 1695 contra
992 1618 1067 1675 hanc
1078 1618 1281 1687 coniecturam,

166 1716 241 1787 qnod
261 1715 404 1789 Apuleius
436 1715 506 1773 dicit
532 1716 671 1788 pistorem
696 1715 839 1772 adulterio
867 1713 1013 1787 patefacto
1040 1715 1189 1772 mulierem
1216 1731 1281 1786 pro·

164 1813 242 1870 tinus
273 1813 308 1870 de
335 1814 418 1871 domo
444 1829 496 1871 sua
522 1811 718 1885 proturbasse.
764 1812 841 1872 Nam
863 1828 926 1869 cum
947 1816 1049 1884 postea
1074 1816 1223 1869 narratum
1244 1812 1282 1869 sit

168 1910 204 1968 ob
225 1910 315 1982 ipsam
331 1906 406 1968 lrauo
420 1910 621 1969 contumeliam
636 1910 785 1967 mulierem
799 1909 837 1967 ad
850 1925 997 1982 magarum
1011 1914 1090 1966 11111
1111 1907 1281 1981 confugisse,

164 2012 296 2080 apertum
330 2011 375 2064 est
409 2006 490 2064 illam
515 2007 687 2064 seutentiam
712 2005 747 2063 de
774 2004 892 2062 muliere
918 2005 1001 2062 domo
1027 2005 1111 2078 pulsa
1137 2005 1282 2063 artissime
1365 2006 1369 2014 '

165 2104 323 2162 cohaerere
344 2121 410 2160 cum
429 2102 528 2161 fabula
543 2119 615 2176 quae
636 2103 766 2174 sequitur
781 2102 816 2160 11
836 2102 940 2160 marito
956 2103 1017 2160 eius
1032 2103 1152 2174 magicis
1172 2102 1283 2160 artibus

166 2201 341 2273 interempto
374 2205 404 2258 ct
434 2216 491 2258 una
521 2200 557 2258 ab
589 2199 716 2273 Apuleio
743 2199 856 2258 demum
886 2200 1028 2258 adiectam
1060 2216 1130 2258 esse.
1173 2199 1283 2257 Contra

165 2297 289 2355 Lucium
308 2296 479 2354 Patrensem
506 2296 612 2369 optime
637 2301 736 2369 potest
764 2297 889 2367 cogitari
913 2297 957 2354 ita
981 2297 1179 2354 narrationem
1202 2312 1282 2354 suam

165 2394 334 2463 instituisse,
365 2399 399 2450 ut
418 2394 510 2466 pistor
530 2395 678 2451 mulierem
700 2395 757 2451 alia
775 2394 889 2453 ratione
908 2394 1005 2452 nescio
1026 2410 1082 2465 qua
1101 2394 1232 2464 punitam
1252 2395 1283 2452 in

86 2553 94 2566 ‚
165 2491 247 2550 domo
269 2508 320 2549 sua
341 2508 490 2549 remanere
510 2508 611 2564 passus
632 2493 717 2549 sitet
736 2497 805 2549 1111
825 2492 903 2549 illius
924 2493 1097 2550 cruciatibus
1111 2491 1185 2550 asini
1205 2491 1282 2549 vires

164 2589 275 2646 fractae
296 2589 362 2646 sint.
405 2568 500 2659 Quare
523 2604 587 2645 oum
608 2588 682 2646 haec
703 2589 803 2646 fabula
824 2598 853 2645 11
874 2604 937 2645 cum
958 2590 1022 2661 ipso
1044 2589 1124 2645 asino
1147 2594 1282 2646 111111-

164 2685 285 2742 haereat
310 2690 340 2742 11
365 2690 533 2756 argumento
561 2701 625 2743 cum
650 2685 740 2743 totius
765 2685 834 2742 libri
858 2684 960 2742 habitu
992 2685 1099 2756 optime
1131 2689 1281 2755 congruat,

164 2782 336 2856 eademque,
360 2783 511 2842 dummodo
533 2784 668 2856 suppleas
690 2799 740 2852 ea,
762 2799 836 2853 quae
856 2783 887 2840 in
907 2783 962 2840 fine
984 2781 1124 2854 Apuleius
1145 2781 1280 2850 resecuit,

166 2880 268 2953 quibus
280 2897 343 2938 cum
357 2880 571 2953 insequentibus
586 2881 737 2940 coniuncta
752 2884 822 2951 erat,
836 2881 872 2938 ad
883 2881 1023 2949 lacunam,
1036 2896 1109 2952 quae
1123 2879 1153 2936 in
1168 2877 1281 2937 Graeco

165 2979 329 3037 necessario
361 2979 514 3036 statuenda
544 2983 599 3049 est,
636 2978 805 3051 explendam
837 2977 986 3049 aptissima
1012 2978 1063 3049 sit,
1096 2993 1152 3034 non
1182 2975 1281 3035 dubito

165 3075 232 3146 quin
257 3056 295 3133 ad
320 3075 405 3133 Lucii
428 3074 579 3133 Patrensis
604 3075 683 3132 filum
708 3075 916 3133 restituendum
946 3079 1012 3147 post
1033 3080 1120 3146 caput
1141 3074 1282 3142 ‚Luciani‘

126 3171 128 3175 ‘
164 3172 276 3230 411111
298 3173 507 3244 interponenda
531 3173 570 3230 111
596 3177 625 3231 11
650 3178 717 3246 post
743 3188 806 3230 eam
837 3172 947 3230 reiecta
971 3172 1077 3244 Apulei
1103 3171 1138 3229 de
1163 3170 1281 3243 pistoris

164 3272 256 3326 morte
276 3266 374 3326 fabula
401 3269 459 3327 tale
480 3268 673 3341 adiciendum,
706 3269 791 3340 quale
812 3268 984 3341 significavi,
1016 3269 1052 3326 de
1081 3267 1181 3326 fractis
1207 3266 1282 3325 asini

165 3365 274 3424 viribus
294 3365 422 3424 mulieris
442 3366 520 3424 illius
541 3366 663 3424 iniuriis.

244 3463 435 3533 Subsequitur
459 3468 579 3534 quartus
597 3464 676 3521 locus
694 3463 889 3536 gravissimus,
911 3479 966 3533 quo
988 3461 1188 3520 describuntur
1209 3476 1281 3533 quae

168 3559 249 3617 asino
271 3558 349 3632 apud
369 3560 555 3618 hortulanum
575 3560 718 3631 quendam
742 3561 913 3618 obvenerint
933 3559 1039 3633 (‚Luc‘
1060 3559 1189 3616 43-45.
1220 3555 1279 3628 Ap.

163 3655 218 3728 IX,
242 3657 395 3733 aa-tn).
436 3659 483 3716 Ac
508 3659 630 3731 primum
662 3658 776 3728 quidem
803 3658 858 3716 hoc
883 3656 1053 3715 facillimum
1078 3659 1122 3712 est
1147 3655 1184 3712 ad
1213 3670 1280 3726 cog·

165 3755 338 3812 noscendum
360 3756 556 3814 narrationem
582 3757 662 3813 illam
686 3757 722 3813 ab
745 3755 868 3826 Apuleio
895 3754 956 3812 solo
978 3752 1135 3811 exhibitam
1160 3751 1196 3809 de
1217 3751 1280 3809 dira

164 3851 268 3908 rustici
288 3851 436 3909 cuiusdam
457 3852 574 3910 fortuna
595 3852 632 3910 ab
654 3853 717 3924 ipso
739 3852 789 3909 illo
810 3853 948 3909 insertam
971 3867 1041 3921 esse.
1082 3850 1182 3921 Neque
1204 3849 1280 3907 enim

164 3949 257 4007 solum
268 3949 434 4020 argumenti
454 3949 610 4007 atrocitate
632 3966 650 4007 a
665 3948 794 4019 reliquae
810 3948 926 4005 fabulae
938 3946 1140 4004 consuetudine
1161 3962 1280 4020 prorsus

164 4045 311 4120 abhorret,
327 4048 378 4104 sed
389 4047 549 4104 etiamtum
560 4048 750 4118 neglegenter
765 4046 802 4103 ad
816 4051 942 4104 ceteram
955 4044 1150 4123 narrationem
1166 4043 1279 4101 adnexa
