2902 4702
629 326 830 388 ,8,

173 516 261 583 111166
287 532 352 574 snos
378 534 461 576 casus
487 535 591 589 eosque
623 534 708 592 saepe
736 537 827 590 neque
853 522 995 592 gloriosos
1021 539 1112 594 neque
1144 523 1289 587 honestos,
1342 569 1347 579 .

175 629 239 670 cum
261 614 436 685 lepidissima
458 616 579 686 quadam
605 620 704 674 narret
729 617 818 689 ipsius
838 618 933 675 ironia
954 625 984 677 et
1010 620 1159 692 aptissima
1180 621 1217 677 ad
1239 621 1289 679 de-

171 711 322 768 lectandos
335 711 493 783 legentium
507 714 626 771 animos.
662 713 741 784 Quae
758 731 821 772 cnm
836 715 878 772 ita
894 716 962 782 sint,
983 721 1034 774 aut
1048 733 1146 774 omnes
1165 717 1287 790 fabulas,

171 808 201 864 in
223 809 324 879 quibus
345 810 441 880 aliquo
462 811 524 868 loco
547 811 581 868 de
602 811 688 869 rebus
709 812 831 883 magicis
851 819 965 884 agatur,
987 815 1017 872 in
1038 815 1130 885 iisque
1151 813 1287 873 Petronii

173 906 290 977 satiras,
320 907 357 963 ad
383 909 616 978 superstitionem
644 909 830 967 deridendam
855 912 1027 983 compositas
1048 929 1109 969 esse
1130 913 1288 984 putandum

174 1008 228 1074 est,
246 1008 297 1060 611
311 1004 521 1062 concedendum
536 1005 671 1062 Photium
684 1005 732 1062 hic
753 1022 864 1076 quoque
878 1007 980 1064 mirum
994 1006 1025 1063 in
1039 1007 1153 1065 modum
1167 1026 1287 1070 errasse.

170 1100 272 1171 Neque
293 1099 417 1159 difficilis
438 1102 556 1160 inventu
582 1106 625 1159 est
648 1119 734 1160 causa
759 1105 880 1176 erroris;
912 1105 974 1177 ipse
996 1105 1071 1162 enim
1098 1122 1162 1163 eam
1183 1111 1286 1178 aperte

170 1197 354 1271 significavit,
377 1195 440 1256 curm
461 1200 591 1257 adiceret
604 1200 693 1257 verba
714 1200 805 1277 ὥσπερ
820 1200 869 1259 κάν
890 1203 945 1263 τοῖς
965 1199 1064 1264 ἄλλοις.
1107 1202 1286 1261 Conclusisse

170 1296 262 1366 igitur
287 1296 401 1352 videtur
422 1297 601 1368 patriarcha,
632 1315 696 1355 cum
718 1304 830 1356 ceteros
851 1298 911 1356 fore
934 1316 1031 1357 omnes
1053 1301 1176 1358 Luciani
1196 1301 1287 1359 libros

169 1393 199 1448 in
220 1391 396 1450 Graecorum
428 1394 631 1464 superstitione
657 1395 831 1466 exagitanda
861 1397 1057 1468 similibusque
1091 1414 1188 1455 eorum
1209 1404 1286 1456 tam-

169 1505 270 1561 porum
291 1491 484 1561 pravitatibus
504 1499 659 1564 occupatos
681 1508 742 1550 esse
762 1493 898 1565 vidisset,
926 1496 955 1551 in
977 1494 1031 1553 hoe
1052 1512 1163 1566 quoqne
1184 1496 1282 1555 libello

168 1587 298 1644 Lucieno
320 1588 467 1659 adscripto
489 1589 607 1646 eandem
629 1590 748 1648 satiram
762 1590 938 1649 Lucisneam
959 1593 1052 1650 inesse
1074 1609 1190 1650 necesse
1213 1611 1300 1652 esse.-

170 1683 248 1754 Quae
270 1684 457 1743 concludendi
477 1685 553 1742 ratio
576 1687 682 1758 optime
702 1688 857 1759 respondet
872 1689 922 1754 eis,
948 1705 1022 1759 qnae
1037 1706 1100 1747 eum
1115 1690 1149 1747 de
1164 1691 1284 1749 duorum

171 1781 272 1838 horum
292 1783 431 1840 librorum
453 1783 554 1840 ordine
576 1784 725 1855 collegisse
747 1800 834 1855 supra
856 1786 984 1857 exposui.

249 1880 343 1936 Asino
358 1880 503 1937 Lucianeo
526 1880 758 1952 superstitionem
779 1880 921 1937 deridenti
943 1881 1061 1953 opponit
1076 1881 1196 1942 Plrotius
1218 1885 1280 1942 Me-

169 1977 370 2048 tamorphoses
390 1976 477 2034 Lucii
497 1975 656 2049 Patrensis,
679 1994 761 2048 quem
783 1978 855 2035 dicit
876 1994 971 2036 omncs
992 1978 1057 2036 illas
1077 1997 1125 2038 166
1145 1981 1232 2039 miras
1254 1989 1284 2039 et

170 2073 352 2144 prodigiosas
395 2075 468 2131 serio
510 2091 642 2132 narrasse
684 2076 832 2148 ipsumque
871 2076 1038 2134 credidisse.
1094 2077 1151 2135 Sed
1182 2095 1217 2136 ne
1248 2078 1283 2136 de

169 2172 251 2229 huius
283 2171 396 2242 quidem
429 2173 547 2229 consilio
579 2175 687 2230 rectius
718 2173 832 2231 videtur
862 2174 1004 2232 indicasse
1034 2175 1175 2245 quamde
1197 2176 1284 2233 Asini

167 2269 318 2340 scriptore.
362 2267 515 2326 Acerrime
537 2270 612 2325 enim
633 2274 798 2341 repugnant
819 2287 868 2340 ea,
900 2285 973 2340 quae
1004 2272 1066 2341 ipse
1097 2274 1195 2343 paullo
1216 2278 1283 2331 ante

167 2366 299 2438 exposuit
326 2366 396 2423 dnos
416 2365 483 2423 illos
503 2365 595 2423 libros
617 2371 676 2422 tam
699 2365 808 2423 similes
832 2382 908 2435 esse,
940 2371 973 2422 nt
993 2366 1138 2425 Lucianus
1161 2369 1283 2427 Lucium

168 2464 345 2535 excerpsisse
366 2464 522 2533 videretur,
545 2469 631 2535 atque
652 2464 706 2520 hoc
725 2468 836 2521 tantum
851 2463 1024 2529 discriminis
1037 2464 1115 2521 inter
1130 2482 1178 2523 eos
1192 2466 1282 2524 inter-

166 2562 333 2633 essequod
355 2579 418 2619 cum
432 2562 576 2621 Lucienus
597 2561 709 2634 inipso
730 2561 846 2618 fabulae
866 2568 1036 2633 argumento
1058 2563 1142 2620 anxie
1163 2581 1193 2621 se
1215 2581 1283 2622 con-

165 2660 289 2731 tineret,
322 2659 429 2718 Lucius
451 2663 552 2717 contra
572 2660 644 2718 alias
665 2675 776 2730 quoque
793 2658 909 2745 ⁸fabulas
931 2660 1067 2730 quasdam
1086 2678 1150 2717 cum
1165 2662 1284 2720 historia

165 2757 320 2829 principali
341 2758 451 2815 laxiore
473 2761 585 2816 tantum
605 2757 720 2815 vinculo
742 2757 930 2815 cohaerentes
950 2756 1078 2816 inserere
1098 2776 1156 2815 non
1169 2758 1270 2817 fastidi

164 2858 219 2911 ret.
265 2852 399 2912 Efficitur
432 2855 512 2926 inde,
545 2859 597 2911 aut
619 2854 796 2924 ,Lucianum‘
827 2854 989 2925 ponendum
1014 2871 1076 2912 esse
1090 2856 1174 2912 Lucii
1198 2872 1283 2927 opus·

166 2950 261 3008 culum
273 2952 459 3021 contraxisse,
482 2956 533 3020 ant
546 2951 667 3009 Lucium
682 2951 823 3019 ,Luciani‘
839 2949 1036 3024 amplificasse.
1058 2950 1136 3008 Illud
1150 2951 1175 3007 si
1189 2952 1280 3024 ponis,

166 3047 355 3106 clarissimum
370 3051 422 3119 est,
444 3049 522 3106 nullo
538 3049 621 3106 modo
637 3065 720 3121 posse
735 3048 868 3119 rogitari,
884 3047 920 3105 ab
933 3064 967 3106 eo
981 3049 1156 3106 narrationis
1169 3049 1279 3106 habitu.

165 3160 249 3215 quem
271 3146 396 3219 epitome
417 3145 522 3215 ubique
543 3161 612 3217 prae
634 3162 664 3203 se
685 3144 750 3217 fert,
773 3144 860 3202 hilari
884 3150 914 3202 et
938 3145 1048 3203 ironico
1062 3146 1172 3217 integri
1183 3148 1279 3219 operis

166 3241 335 3313 scriptorem
356 3243 517 3300 recessisse.
549 3240 600 3299 Sin
621 3249 717 3300 autem
731 3243 855 3299 alteram
874 3242 1023 3314 praeferas
1037 3244 1187 3311 rationem,
1210 3244 1281 3301 illud

164 3343 261 3410 potest
287 3355 355 3396 sane
382 3339 499 3397 concedi
520 3339 793 3411 Metamorphoseon
814 3339 1032 3410 compilatorem
1053 3340 1130 3399 inter
1150 3357 1279 3398 666161

164 3437 306 3507 rationes,
339 3453 411 3507 quas
441 3437 597 3509 primariae
630 3437 664 3494 de
685 3437 775 3494 Lucio
802 3436 919 3494 fabulae
941 3436 1126 3503 admisceret,
1158 3436 1280 3495 16116116

168 3535 305 3604 quasdam
337 3535 537 3608 assumpsisse,
570 3535 599 3592 in
627 3535 727 3605 quibus
753 3534 880 3592 eiusdem
901 3535 1013 3605 generis
1034 3551 1082 3593 res
1102 3536 1282 3607 gravitaret

165 3647 264 3689 severe
285 3637 430 3690 tractatae
452 3637 535 3689 erant
542 3631 571 3705 ¹),
594 3631 717 3702 indeque
732 3630 866 3688 Photium
882 3630 919 3687 ad
933 3633 1106 3689 sententiam
1120 3648 1199 3690 suam
1215 3650 1279 3706 per-

164 3727 280 3784 ductum
318 3745 389 3786 esse.
436 3727 479 3786 At
515 3732 611 3786 tamen
642 3728 827 3785 nihilominus
852 3743 916 3784 eam
943 3726 1046 3785 falsam
1071 3745 1132 3788 esse
1160 3732 1189 3787 et
1215 3746 1280 3800 per-

164 3839 277 3881 versam
321 3833 389 3883 tunc
427 3842 537 3897 quoque
575 3825 837 3883 manifestissimum
877 3830 933 3894 est,
986 3842 1048 3883 cnm
1084 3827 1163 3884 nullo
1198 3826 1280 3885 modo

237 4008 261 4075 ¹)
281 4007 359 4062 Idem
385 4008 490 4063 factum
516 4009 594 4065 vides
618 4010 648 4064 in
666 4009 770 4080 Apulei
787 4007 1070 4078 Metamorphosibus.
