2902 4702
602 296 822 357 „14-

158 488 291 547 celeriter
322 487 447 546 assecuti
478 489 558 545 sinti>
600 487 656 546 Sed
687 488 777 545 multo
809 488 924 545 facilius
955 494 1019 546 erat
1055 487 1153 560 fugere
1178 489 1270 548 tribus

157 585 322 659 patentibus
336 573 392 642 viis
406 601 491 655 quam
506 600 570 641 una.
587 583 717 665 ¹Prorsus
731 583 877 655 superflua
890 585 978 656 igitur
992 590 1038 642 est
1048 585 1119 642 haee
1130 587 1270 644 enuntiati

156 698 224 763 pars
248 698 340 752 neque
367 681 508 754 explicari
528 686 627 752 potest
646 681 703 738 nisi
724 687 891 752 comparato
912 679 1020 753 Apulei
1042 682 1137 754 capite
1158 681 1200 740 Vl
1222 685 1269 752 29,

155 779 204 837 uhi
225 779 305 850 virgo
328 779 487 848 asinusqna
510 793 572 834 cum
594 776 632 834 ad
653 777 771 835 trivium
793 784 907 834 uentum
929 783 1012 848 esset,
1035 779 1070 836 dc
1090 780 1140 838 via
1154 786 1270 838 certare

100 876 104 882 '
151 875 301 946 incipiunt,
324 875 415 933 donec
436 892 453 931 a
473 875 634 931 latronibus
655 890 754 931 rursus
774 875 1063 947 comprehenduntur.
1099 875 1183 950 Quod
1197 879 1269 935 omi-

154 974 193 1030 sit
213 973 296 1030 Asini
322 977 487 1044 excerptor‚
519 971 591 1029 illud
616 976 713 1029 tamen
740 971 806 1029 ἔνθα
832 971 952 1050 ἐσχίζετο
973 977 1070 1050 τριπλῆ
1092 973 1154 1036 ὁδός
1176 975 1268 1047 negli-

154 1075 257 1144 genter
276 1069 408 1128 retinuit.

236 1167 358 1224 Maioris
379 1166 466 1223 etiam
489 1166 682 1238 negligentiae
705 1182 769 1223 eum
791 1167 889 1237 arguit
910 1166 1013 1238 capitis
1035 1169 1073 1224 27
1094 1168 1186 1239 loono,
1219 1171 1270 1227 ubi

148 1261 190 1323 'de
222 1265 389 1323 condicione
421 1265 494 1321 asini
519 1265 595 1335 apud
623 1265 736 1336 puellae
762 1270 898 1336 parentes
919 1265 1041 1336 henigne
1063 1265 1177 1339 excepti
1197 1266 1270 1324 haec

154 1364 312 1421 afferuntur
338 1359 385 1420 καί
415 1382 461 1434 μοι
491 1364 546 1423 τοῖς
568 1359 745 1436 κεκτημένοις
767 1358 872 1437 ἄριστον
894 1360 1036 1437 παρέκειτο
1059 1362 1188 1437 μεδιμνὸς
1209 1385 1269 1440 κρι-

152 1459 211 1517 θῶν
232 1459 278 1518 καὶ
298 1459 406 1536 χόρτος,
429 1457 492 1521 ὅσος
513 1457 557 1516 καὶ
578 1457 695 1533 καμήλῳ
717 1457 815 1521 ἱκανός.
846 1459 983 1516 Molestia
1003 1458 1078 1516 inest
1099 1459 1174 1517 haud
1196 1459 1268 1518 levis

153 1559 182 1614 in
204 1557 310 1628 duplici
331 1557 428 1615 dativo
450 1578 496 1631 μοι
516 1555 771 1631 tetrastrophos.
816 1556 900 1615 Unde
915 1556 972 1614 viri
986 1557 1063 1614 docti
1078 1556 1159 1613 varia
1174 1557 1267 1614 conie-

154 1659 262 1726 cerunt,
295 1656 370 1713 sieut
399 1657 448 1730 τῆς
479 1652 649 1729 κεκτημένης
680 1654 726 1711 vel
757 1652 831 1729 παρὰ
861 1656 909 1728 τῆς
934 1652 1106 1729 κεκτημένης
1130 1654 1176 1711 vel
1196 1652 1268 1730 παρὰ

153 1756 208 1810 τῶν
230 1751 415 1828 κεκτημένων.
457 1751 521 1808 Alii
551 1756 583 1807 ut
609 1749 741 1823 Guyetus
768 1755 798 1808 et
819 1749 974 1808 Oourierus
996 1751 1105 1821 aliquid
1127 1750 1267 1809 excidisse

155 1854 320 1908 statuerunt
340 1854 370 1908 et
391 1849 515 1906 diversis
528 1848 686 1905 rationibus
699 1849 832 1905 lacunam
853 1847 1044 1921 expleverunt
1061 1847 1208 1923 (Guyetus
1220 1852 1268 1925 τῆς

154 1946 325 2023 κεκτημένης
336 1944 529 2023 προςταξάσης,
545 1944 697 2004 Gourierns
711 1949 759 2022 τῆς
770 1944 944 2021 κεκτημένης
954 1946 1002 2022 τὴν
1024 1944 1166 2023 ὑπόσχεσιν
1182 1945 1268 2009 οὕτως

154 2044 371 2120 ἐπιτελεσάσης);
404 2044 454 2102 sed
480 2061 516 2102 ne
544 2045 575 2101 hi
596 2039 710 2114 quidem
733 2044 843 2113 aliquid
864 2045 970 2102 certius
992 2044 1122 2115 quodque
1143 2045 1268 2115 speciem

153 2142 295 2213 quandam
326 2141 459 2200 veritatis
479 2141 611 2213 haberet,
644 2142 774 2212 proferre
795 2146 960 2213 potuerunt.
1004 2139 1149 2199 Cohaeret
1171 2146 1266 2212 autem

153 2256 216 2295 cnm
229 2239 282 2296 hac
294 2236 466 2296 difficultate
478 2239 535 2295 alia
546 2238 678 2296 molestia
689 2239 861 2308 gravissima
872 2240 901 2296 iu
912 2239 1265 2310 sequentibusoccurreus.

87 2410 93 2423 .
153 2335 232 2394 Dicit
252 2335 293 2394 ibi
315 2337 389 2393 euim
411 2336 604 2407 minuetum,
628 2351 690 2392 cum
712 2341 823 2394 vastum
844 2336 915 2393 illud
940 2336 1094 2407 prandium
1109 2336 1164 2393 sibi
1177 2352 1266 2407 eppo·

153 2435 239 2490 situm
261 2439 349 2504 esset,
381 2433 464 2490 valde
485 2449 516 2489 se
538 2433 676 2501 doluisse,
703 2433 777 2503 quod
798 2434 828 2490 in
850 2433 961 2490 asinum
984 2448 1096 2489 aenon
1118 2432 1215 2504 potius
1236 2432 1265 2488 iu

153 2547 253 2588 canem
273 2536 402 2588 mutatus
423 2536 507 2588 esset.
538 2530 633 2603 ¹Canes
654 2530 729 2587 enim
750 2530 780 2586 in
802 2529 911 2587 culina-s
932 2530 1057 2587 intrasse
1077 2534 1108 2586 et
1121 2529 1213 2585 multa
1226 2529 1266 2586 ibi

154 2627 320 2700 ligurrisse,
352 2634 385 2685 ut
411 2625 475 2686 fieri
496 2627 603 2686 soleret
623 2627 653 2684 in
673 2627 809 2699 nuptiis
829 2630 997 2699 sponsorum
1019 2625 1147 2683 divitum.
1175 2625 1266 2684 ·Post

154 2727 220 2784 illas
246 2726 389 2799 nuptias
415 2731 512 2782 autem
537 2741 568 2782 se
600 2741 617 2782 a
643 2724 757 2796 puellae
782 2728 866 2796 patre
887 2724 998 2796 pastori
1018 2724 1106 2781 alicui
1126 2723 1265 2782 traditum

151 2839 213 2881 esse
232 2840 281 2881 rus
294 2823 501 2881 abducendum.
535 2821 670 2895 Apparet
695 2821 786 2892 igitur
800 2821 867 2877 hino
887 2821 987 2892 paucis
1001 2820 1101 2879 diebus
1114 2826 1264 2893 postquam

152 2918 269 2977 Charite
291 2920 412 2977 reducta
433 2922 505 2983 erat,
528 2919 644 2991 nuptias
665 2919 725 2975 eius
747 2934 810 2975 cum
825 2914 991 2989 Tlepolemo
1012 2922 1093 2974 actas
1107 2934 1169 2976 esse
1184 2923 1214 2974 et
1228 2917 1264 2974 ad

150 3015 231 3073 illum
262 3017 352 3074 solum
386 3015 462 3073 diem
492 3013 595 3073 referri
625 3031 708 3088 posse
740 3015 833 3092 etiam,
855 3029 954 3072 cenam
974 3014 1056 3072 illam
1076 3013 1264 3072 lautissimam

150 3113 231 3171 asino
263 3113 432 3185 appositam.
474 3114 580 3171 Verum
610 3118 708 3170 tamen
738 3113 822 3170 valde
848 3113 952 3168 mirum
973 3116 1033 3181 est,
1065 3111 1142 3181 quod
1162 3115 1263 3169 auctor

151 3211 267 3283 nuptias
288 3227 344 3268 non
365 3211 394 3267 iu
415 3210 498 3267 initio
521 3211 638 3282 capitis,
661 3209 710 3267 uhi
730 3207 949 3267 commemorari
970 3207 1140 3280 debuerunt,
1163 3215 1264 3282 aperte

151 3307 331 3380 significavit,
352 3307 404 3366 sed
424 3309 454 3364 in
469 3305 525 3366 fine
540 3308 652 3366 demum
667 3306 749 3379 quasi
763 3324 815 3379 per
830 3305 962 3364 fraudem
976 3321 1077 3364 earum
1092 3307 1263 3365 mentionem

151 3403 272 3463 infersit.
305 3406 399 3463 Multo
420 3407 516 3479 aptius
536 3422 605 3463 sane
619 3404 763 3478 Apuleius
783 3404 858 3462 hano
878 3418 938 3462 rem
960 3403 1100 3473 narravit,
1123 3404 1172 3473 qui
1192 3404 1264 3461 haee

152 3503 269 3560 exhibet
283 3501 340 3561 VII
364 3505 399 3560 14
425 3503 508 3572 „exin
529 3519 574 3561 me
594 3519 675 3561 suum
697 3501 899 3575 sospitatorem
913 3506 1110 3575 nuncupatum
1132 3507 1265 3560 matrona

152 3601 262 3673 prolixe
294 3601 439 3659 curitabat
469 3601 616 3672 ipsoque
647 3599 851 3672 nuptiarum
883 3598 939 3657 die
967 3600 1151 3671 praesepium
1171 3616 1263 3658 meum

152 3697 259 3756 hordeo
281 3699 387 3770 passim
401 3697 509 3769 repleri
523 3697 604 3754 iubet
618 3697 789 3767 faenumque
804 3695 913 3754 camelo
929 3695 1107 3754 Bactrianae
1121 3695 1263 3754 sufficiens

152 3797 287 3867 apponi“.
319 3796 408 3854 Vides
428 3796 517 3868 igitm·
541 3795 616 3867 apud
638 3795 719 3852 illum
734 3795 877 3867 cumipse
891 3793 969 3852 illius
984 3810 1071 3852 cenae
1086 3793 1263 3851 lautissimae

154 3891 346 3963 descriptione
368 3891 532 3964 nuptiarum
553 3891 726 3949 mentionem
750 3891 930 3949 coniunctam
951 3906 1022 3948 esse.
1055 3888 1098 3948 At
1119 3893 1220 3946 contra
1234 3888 1262 3944 in
