2902 4702
646 327 866 390 „15-

197 521 310 581 Graeco
336 524 432 591 textu,
466 520 514 590 qui
540 521 569 576 in
594 519 713 589 reliquis
734 524 869 578 accurate
891 520 1046 591 respondet
1065 520 1132 578 huic
1153 520 1314 579 sententiae

198 618 394 691 Apuleianac,
427 633 460 673 eo
492 617 568 682 loco,
601 632 656 687 quo
688 616 852 688 nuptiarum
874 616 925 674 illa
945 617 1052 674 mentio
1074 615 1219 674 inicienda
1240 622 1312 689 erat,

200 716 260 774 sola
281 715 410 773 exhibita
431 718 497 770 sunt
518 713 720 771 molestissima
739 713 791 770 illa
812 713 900 770 verba
920 715 975 775 τοῖς
996 712 1174 788 κεκτημένοις
1195 733 1213 771 a
1234 715 1313 772 nullo

198 829 288 884 usque
319 812 413 870 adhuc
433 810 624 882 probabiliter
644 810 798 882 explicata.
830 809 911 883 Quae
932 826 996 866 cum
1016 810 1060 867 ita
1081 811 1156 877 sint,
1190 810 1314 869 dilucide

201 926 344 983 apparere
365 908 435 965 mihi
455 907 587 975 videtur,
614 907 644 963 in
665 907 748 964 Asini
769 923 880 978 qnoque
901 907 1061 979 exemplari
1081 907 1111 964 in
1131 907 1215 966 initio
1236 909 1314 966 illius

202 1007 362 1065 sententiae
382 1006 497 1063 illarum
512 1003 675 1075 nuptiarum
690 1004 863 1061 mentionem
876 1003 984 1062 factam
999 1021 1061 1061 esse
1076 1004 1126 1062 sed
1141 1005 1176 1062 ab
1199 1021 1315 1077 excerp·

199 1108 263 1161 tore
296 1103 428 1161 omissam
455 1105 572 1177 praeter
592 1101 681 1158 verba
701 1101 753 1158 illa
773 1117 848 1158 nnnc
869 1102 1000 1160 absolute
1020 1102 1116 1173 posita
1136 1104 1191 1165 τοῖς
1212 1124 1315 1178 κεκτη-

199 1199 296 1274 μένοις.
329 1199 374 1256 Ad
387 1199 492 1270 Apulei
513 1198 673 1270 exemplum
691 1198 863 1255 sententiam
884 1199 1095 1270 simplicissime
1111 1200 1153 1258 sic
1167 1200 1311 1272 suppleas,

200 1301 231 1353 ut
253 1295 362 1353 scribas
383 1293 430 1353 καί
449 1316 495 1368 μοι
515 1295 563 1352 τοῦ
585 1292 674 1369 γάμου
696 1293 829 1369 ἀγομένου
851 1297 906 1357 τοῖς
927 1294 1104 1371 κεκτημένοις
1117 1304 1172 1355 etc.
1204 1295 1314 1354 Verum

199 1393 225 1450 si
246 1393 308 1463 quis
329 1392 472 1464 ampliora
491 1397 606 1450 resecta
626 1409 689 1450 esse
710 1392 872 1462 contendat,
896 1409 950 1464 ego
971 1409 1029 1449 non
1050 1392 1198 1464 obloquar.

279 1490 354 1547 'lota
380 1489 434 1546 hac
459 1490 575 1547 fabulae
603 1494 686 1562 parte
712 1494 895 1561 pertractata
923 1490 980 1547 iam
1002 1490 1039 1548 ad
1060 1491 1148 1548 aliam
1169 1489 1313 1557 accedam,

198 1602 272 1657 qnae
294 1591 337 1644 est
359 1587 394 1645 de
414 1586 495 1644 rabie
517 1586 591 1644 asini
612 1587 748 1644 simulata
770 1585 840 1662 (Ap.
856 1587 899 1644 IX
915 1587 992 1645 1-4
1006 1587 1077 1646 Luc.
1093 1588 1154 1662 40).
1188 1589 1316 1645 Narrant

202 1683 285 1741 ambo
306 1685 463 1756 scriptores
484 1684 612 1752 asinum,
638 1690 672 1742 ut
693 1685 835 1742 lanienam
857 1701 875 1742 a
896 1701 963 1742 coco
985 1685 1180 1743 imminentem
1200 1685 1315 1749 vitaret,

200 1777 229 1836 in
252 1781 343 1853 ipsum
365 1781 531 1855 triclinium,
554 1782 603 1838 ubi
623 1781 755 1838 dominns
776 1797 839 1838 cum
854 1780 1050 1838 sacerdotibus
1064 1782 1228 1852 cenabatur,
1252 1795 1315 1838 sese

199 1878 351 1938 immisisse
374 1884 403 1936 et
424 1883 517 1936 totum
539 1894 627 1936 cenae
643 1882 816 1950 apparatum
830 1877 1039 1934 incursionibus
1054 1878 1113 1935 suis
1128 1877 1314 1940 disturbasse.

201 1977 233 2033 ln
255 1976 441 2047 sequentibus
462 1976 626 2048 discrepant
647 1975 839 2032 narrationes.
871 1973 956 2046 Apud
976 1973 1153 2048 ,Lucianum‘
1177 1977 1251 2033 enim
1267 1994 1315 2036 ex·

199 2074 282 2145 ponit
313 2073 409 2129 asinus
446 2089 476 2129 se
502 2088 564 2130 eam
598 2071 633 2129 ob
656 2087 771 2128 causam
792 2071 834 2127 ita
855 2087 885 2127 se
905 2069 1040 2142 gessisse,
1078 2072 1153 2142 quod
1184 2079 1315 2145 speraret

202 2169 347 2226 domiuum
368 2185 398 2226 se
418 2172 450 2225 ut
470 2169 611 2227 lascivum
632 2172 710 2226 certo
731 2168 827 2239 aliquo
849 2168 911 2226 loco
934 2168 1029 2226 claudi
1049 2174 1079 2226 et
1100 2171 1242 2229 custodiri
1256 2171 1315 2230 ius·

200 2282 295 2323 surum
318 2282 388 2324 esse.
427 2264 484 2324 Sed
505 2267 663 2324 miserrime
684 2267 739 2324 bac
760 2282 810 2337 spe
831 2284 862 2324 se
884 2282 945 2324 esse
967 2266 1124 2339 deceptum.
1167 2267 1313 2327 Rabidum

152 2423 156 2431 ,
198 2363 273 2420 enim
305 2381 336 2421 se
372 2379 432 2422 esse
465 2365 598 2422 convivas
627 2367 708 2422 ratos
730 2363 887 2422 cuiusmodi
917 2360 997 2421 telis'
1018 2364 1145 2437 arreptis
1166 2365 1196 2422 in
1217 2381 1248 2422 se
1268 2367 1312 2422 in-

153 2449 155 2453 ’
198 2462 322 2520 currissc
349 2478 434 2532 seque
455 2469 608 2520 necaturas
629 2461 731 2528 fuisse,
759 2462 815 2520 nisi
835 2462 866 2519 in
887 2462 1056 2531 cubiculum,
1078 2463 1184 2533 inquo
1206 2462 1314 2521 domini

198 2559 430 2631 devertebantur,
454 2561 588 2631 protinus
609 2560 771 2632 irrupisset.
803 2560 837 2616 In
852 2575 907 2630 quo
923 2559 958 2616 ab
973 2559 1155 2618 illisionibus
1172 2561 1314 2618 obseratis

201 2654 341 2712 inclusum
373 2671 440 2714 esse.
479 2656 564 2728 Apud
585 2656 738 2728 Apuleium
770 2659 871 2712 contra
897 2671 927 2712 re
948 2671 1016 2712 vera
1037 2656 1134 2713 asinus
1157 2673 1175 2713 a
1198 2638 1311 2714 domino

201 2748 307 2807 famulo
339 2751 425 2808 alicui
455 2752 598 2829 1111111111ι
615 2754 694 2809 certo
727 2751 790 2808 loco
822 2736 1009 2808 includendus
1041 2757 1072 2808 et
1103 2752 1312 2810 custodiendus.

202 2845 306 2904 Paullo
340 2851 406 2919 post
437 2851 532 2904 autem
557 2847 673 2904 nuntius
705 2846 826 2904 affertur
852 2862 951 2904 canem
971 2847 1103 2905 rabidum
1125 2849 1219 2906 subito
1241 2849 1315 2906 irru-

200 2945 278 3016 pisse
309 2949 338 3002 et
369 2960 453 3003 canes
485 2945 612 3001 iumenta
638 2943 766 3002 homines
788 2960 898 3016 quoque
919 2945 1071 3003 nonnullos
1092 2945 1235 3004 morsibus
1256 2945 1315 3004 suis

198 3043 375 3102 vulnerasse.
406 3040 492 3099 Unde
513 3041 623 3100 asinum
644 3058 756 3114 qnoque
777 3040 899 3101 ferocire
922 3042 1059 3101 convivae
1080 3043 1138 3100 rati
1159 3048 1266 3116 parant
1284 3060 1315 3101 se

200 3140 236 3196 ad
259 3156 324 3197 cum
344 3139 579 3213 persequendum.
618 3137 681 3212 Quo
708 3155 745 3196 ex
764 3139 891 3212 periculo
913 3138 1014 3197 eadem
1034 3141 1147 3199 ratione
1167 3157 1197 3198 se
1219 3144 1316 3197 servat

200 3241 287 3306 atque
309 3237 386 3308 apud
407 3237 596 3309 ,Lucianum‘.

278 3332 433 3392 Concludit
460 3351 496 3392 ex
515 3336 571 3392 bae
601 3334 770 3393 diversitate
792 3334 1007 3392 Goldbacherus
1026 3332 1150 3392 Asinum
1170 3335 1226 3392 boc
1251 3335 1313 3392 loco

198 3429 387 3502 epitomatum
408 3447 470 3490 esse
491 3435 577 3502 atque
599 3448 635 3489 ex
649 3429 774 3503 Apuleio
796 3430 1002 3502 complendum,
1026 3446 1089 3487 cum
1110 3431 1141 3488 in
1162 3431 1212 3489 illo
1231 3447 1317 3489 causa

199 3525 394 3600 desideretur,
428 3544 478 3585 cur
500 3527 637 3585 convivae
659 3527 770 3585 asinum
791 3527 922 3585 rabidum
945 3543 1006 3585 esse
1026 3527 1208 3598 putaverint,
1241 3545 1315 3599 quac

199 3621 305 3693 optime
326 3624 362 3681 ab
376 3624 499 3696 Apuleio
520 3625 650 3682 exhibita
670 3625 717 3682 sit.
754 3625 861 3682 Verum
881 3623 1019 3682 facillime
1040 3640 1104 3681 mea
1117 3624 1233 3694 quidem
1247 3641 1315 3683 sen-

198 3719 288 3776 tentia
309 3719 444 3777 convivae
465 3720 502 3778 ad
523 3721 595 3778 hanc
616 3721 807 3792 suspicionem
828 3721 933 3779 adduci
953 3725 1088 3793 poterant
1101 3722 1146 3778 vel
1161 3722 1230 3780 solis
1243 3720 1310 3795 illis,

199 3831 272 3885 quac
300 3817 334 3874 de
360 3833 394 3875 eo
416 3817 446 3875 in
467 3816 581 3876 Graeco
602 3824 722 3876 narrata
743 3823 824 3885 sunt,
856 3836 922 3876 nam
941 3818 1051 3876 rabiem
1072 3835 1140 3877 sane
1161 3819 1314 3878 ostendere

198 3912 323 3983 videtur,
351 3914 376 3971 si
397 3915 446 3985 qui
467 3915 565 3973 asinus
586 3914 681 3973 subito
702 3915 732 3972 in
752 3916 909 3974 triclinium
930 3915 1075 3988 irrumpit,
1099 3916 1249 3987 omniaque
1270 3917 1315 3974 iu·

199 4011 378 4069 cursionibus
399 4013 458 4071 suis
480 4012 600 4071 collidit.
639 4012 737 4083 Quare
759 4013 832 4070 nibil
852 4012 934 4070 video
956 4011 1031 4084 quod
1053 4016 1153 4070 contra
1174 4013 1315 4072 Graecam
