2902 4702
588 314 715 394 ..qq
764 367 799 377 -

140 507 174 561 ut
194 508 342 576 pastorum
361 503 432 574 fuga
446 503 607 574 explicetur
621 503 723 560 mutati
738 503 845 560 domini
859 503 1016 562 novitatem
1030 502 1252 580 metuentium.¹)
1340 508 1344 513 '

138 599 209 657 Cum
240 604 337 658 autem
368 600 459 657 totius
486 599 603 658 fabulae
630 601 835 674 compositione
860 602 1022 660 necessario
1043 602 1250 673 postularetur,

135 703 169 754 ut
189 713 260 754 unus
281 697 398 755 nuntius
419 697 455 754 de
476 697 531 754 hac
553 713 586 753 re
607 696 773 765 afferretur,
800 699 925 770 scriptor
946 698 1044 756 facere
1064 715 1123 755 nou
1143 699 1247 769 potuit,

137 794 204 865 quin
232 811 280 852 eos
301 793 398 852 ambos
420 793 520 852 eodem
540 791 601 852 fere
622 800 753 868 tempore
773 793 898 866 fingeret
911 795 1064 853 interiisse.
1095 793 1196 866 Atque
1210 795 1252 854 sic
1312 870 1315 875 Ι

133 908 166 949 re
191 908 262 951 vera
286 891 415 949 narratio
444 896 611 964 comparata
637 897 683 951 est
707 893 738 950 iu
762 893 880 963 integra
907 894 1022 950 fabulae
1048 891 1142 950 forma
1173 892 1249 965 apud

135 988 321 1057 ,Lucianum‘.
358 989 481 1061 Respuit
503 1005 566 1047 eam
585 987 731 1061 Apuleius
751 995 873 1062 propter
885 991 1003 1073 nimiam
1019 989 1249 1061 simplicitatem3

134 1084 184 1142 sed
217 1102 281 1142 cum
312 1085 474 1142 uberiorem
506 1086 568 1143 eius
594 1085 658 1143 loco
685 1091 858 1160 apponeret,
891 1086 1052 1144 molestiam
1082 1087 1163 1144 illam
1193 1103 1250 1144 nou

135 1180 258 1254 effugere
278 1183 386 1255 potuit,
414 1182 490 1252 quod
516 1183 604 1241 etiam
630 1183 664 1240 de
690 1183 850 1255 Tlepolemi
875 1188 968 1241 morte
993 1184 1043 1253 qui
1064 1184 1154 1240 multo
1182 1188 1251 1241 aute

135 1280 264 1350 perierat
284 1284 353 1338 tunc
374 1280 497 1351 primum
519 1284 652 1351 pastores
673 1281 811 1338 certiores
832 1278 897 1338 fieri
916 1279 1058 1339 videntur.

213 1376 258 1434 De
277 1377 381 1435 itinere
403 1395 551 1436 servorum
572 1377 743 1450 fugientium
764 1377 928 1447 ,Lucienus‘
952 1378 1023 1435 haec
1040 1382 1152 1435 tantum
1167 1377 1251 1435 affert

132 1472 177 1531 καὶ
202 1474 251 1548 την
273 1472 356 1532 νύκτα
377 1473 443 1550 ὅλην
466 1473 592 1538 ἐλθόντες
613 1475 675 1532 ὁδὸν
698 1474 830 1549 ἀργαλέαν
853 1473 897 1532 καὶ
918 1477 998 1550 τριῶν
1020 1471 1110 1532 ἄλλων
1136 1475 1248 1550 ἡμερῶν

133 1570 183 1646 τὴν
205 1570 266 1628 ὁδὸν
289 1570 431 1635 ἀνύσαντες
452 1571 593 1650 ἐρχόμεθα
615 1572 643 1636 ἐς
663 1571 739 1630 πόλιν
753 1576 801 1648 τῆς
816 1568 987 1634 Μακεδονίας
1001 1569 1114 1647 Βέροιαν
1130 1575 1251 1648 μεγάλην

131 1667 176 1726 καὶ
206 1667 433 1746 πολυάνθρωπον.
484 1669 628 1743 Apuleius
659 1671 715 1728 hoc
744 1670 808 1727 loco
835 1685 935 1727 rursus
961 1673 1021 1727 tres
1052 1668 1174 1726 fabellas
1205 1669 1250 1726 in·

130 1766 227 1822 seruit.
269 1764 370 1837 Atque
402 1783 466 1824 cum
490 1767 585 1838 prima
611 1772 640 1825 et
665 1765 792 1825 secunda
818 1765 914 1836 aliquo
942 1770 1021 1822 certe
1048 1765 1161 1823 viuculo
1184 1781 1247 1822 cum

133 1861 297 1932 pastoribus
328 1867 359 1919 et
384 1863 465 1920 asino
492 1864 662 1920 coniunctae
689 1863 763 1934 sint,
796 1862 885 1919 tertia
906 1878 968 1919 cum
990 1861 1129 1934 primaria
1150 1862 1248 1920 fabula

135 1960 221 2032 plane
242 1960 321 2017 nulla
342 1961 455 2018 ratione
478 1961 614 2018 cohaeret
635 1964 723 2030 atque
737 1959 799 2030 ipso
815 1958 932 2017 exordio
954 1958 1095 2033 („pagum
1109 1960 1249 2029 quendam

133 2057 322 2115 accedimus.
347 2102 352 2114 .
376 2103 382 2114 .
406 2057 454 2113 ubi
482 2061 614 2128 coeptum
640 2056 753 2114 facinus
785 2056 890 2128 oppido
915 2056 1101 2114 memorabile
1127 2073 1247 2115 narrare

130 2153 247 2228 cupio“)
274 2158 374 2226 aperte
399 2158 526 2211 testatur
560 2171 591 2211 se
623 2153 659 2211 ab
681 2149 802 2225 Apuleio
833 2153 948 2211 aliunde
976 2152 1132 2212 delibatam
1166 2171 1247 2213 mera

131 2251 251 2308 libidine
272 2251 327 2308 hoc
347 2251 527 2322 potissimum
547 2252 610 2309 loco
632 2252 795 2323 appositam
816 2267 886 2310 esse.
923 2252 1038 2322 Quare
1059 2252 1133 2310 hauc
1154 2252 1244 2310 Gold-

129 2348 271 2406 bacherus
293 2364 404 2419 quoque
424 2365 442 2405 a
455 2348 547 2407 Lucio
561 2347 698 2407 Patrensi
711 2348 896 2416 abiudicavit,
919 2350 1047 2420 reliquas
1061 2355 1161 2408 contra
1176 2350 1246 2409 duas

131 2446 202 2503 satis
221 2443 343 2503 fidenter
365 2446 402 2503 ad
424 2462 487 2504 eum
508 2446 629 2506 rettulit.
666 2445 776 2506 Verum
798 2451 951 2505 tamenne
972 2447 1126 2505 secundam
1147 2448 1175 2504 ei
1196 2452 1245 2505 at-

129 2543 301 2609 tribuamus,
329 2543 426 2600 obstat
451 2543 546 2614 ipsum
570 2559 663 2614 genus
684 2543 834 2614 narrandi,
864 2557 928 2600 cum
948 2559 995 2599 res
1015 2543 1106 2600 mirae
1129 2546 1159 2599 et
1178 2559 1244 2614 pro-

128 2636 257 2707 digiosae
278 2638 320 2707 ¹in
346 2655 381 2694 ea
405 2654 462 2695 nou
488 2640 563 2696 sicut
583 2641 612 2695 in
635 2641 739 2698 ceteris
759 2641 877 2710 ironice,
899 2639 951 2697 sed
970 2640 1103 2710 graviter
1124 2643 1154 2696 et
1174 2640 1243 2696 reli-

126 2733 209 2804 giose
242 2733 404 2806 descriptae
435 2734 501 2792 sint,
543 2736 634 2806 Quam
660 2737 701 2792 ob
728 2752 789 2792 rem
815 2736 869 2793 hoc
893 2736 958 2792 loco
983 2736 1014 2792 in
1035 2735 1243 2794 dubitationem

125 2830 223 2887 vocari
243 2836 340 2904 potest
369 2832 431 2889 sola
461 2831 556 2904 prima
588 2833 687 2890 fabula
711 2832 871 2908 (15-19),
900 2848 973 2903 quae
999 2837 1029 2890 et
1055 2848 1184 2891 sermone
1211 2838 1242 2892 et

127 2933 295 3000 argumento
332 2929 369 3004 ad
400 2928 530 2999 reliquae
562 2929 702 2987 historiae
734 2929 968 2988 cousuetudinem
998 2946 1089 3002 prope
1119 2931 1241 2990 accedit.

126 3024 226 3098 Atque
252 3042 304 3098 ego
330 3026 444 3097 quidem
469 3026 560 3084 libere
581 3025 720 3100 profiteor
751 3031 859 3085 certum
890 3027 1006 3097 aliquod
1031 3020 1240 3100 argumentum,

125 3124 297 3181 decernendi
328 3141 372 3182 me
403 3140 543 3194 nusquam
574 3125 727 3182 invenisse.
770 3123 895 3184 Pronior
922 3128 1017 3182 autem
1040 3142 1103 3182 sum
1122 3125 1153 3183 in
1174 3142 1237 3184 eam

194 3308 213 3375 ¹)
232 3307 324 3362 Verba
337 3307 445 3362 Graeca
464 3306 486 3359 οἱ
505 3305 533 3359 δὲ
553 3303 594 3359 αα
614 3307 645 3378 δὴ
665 3307 838 3378 κεκενωμένης
858 3315 905 3379 τῆς
925 3299 1004 3367 οἰκίας
1023 3307 1087 3359 νέων
1107 3307 1238 3360 δεσποτῶν

125 3395 236 3466 ἔγνωσαν
255 3397 343 3466 μηκέτι
363 3398 444 3468 μένειν
464 3396 489 3447 ἐν
508 3399 540 3466 τῇ
559 3393 661 3468 δουλείᾳ
679 3396 762 3464 vulgo
781 3395 863 3450 aliter
880 3397 1048 3466 interpretes
1062 3397 1239 3466 intellegunt,

125 3499 188 3536 cum
205 3498 288 3536 voces
308 3484 371 3534 νέων
391 3483 520 3535 δεσποτῶν
545 3485 716 3552 coniungant
734 3500 796 3538 cum
814 3484 1048 3553 praecedentibus
1066 3485 1238 3557 κεκενωμένης

121 3579 168 3642 τῆς
188 3565 280 3639 οἰκίας,
299 3588 355 3626 uon
374 3588 438 3626 cum
456 3573 639 3642 sequentibus
663 3573 688 3624 ἐν
707 3576 739 3642 τη
763 3571 875 3645 δουλείᾳ.
911 3571 966 3629 Sed
989 3573 1066 3628 nullo
1089 3572 1171 3627 modo
1191 3589 1238 3628 eas

119 3660 261 3728 pertinere
288 3677 371 3730 posse
395 3661 430 3716 ad
449 3659 583 3716 Chariten
603 3660 850 3732 Tlepolemumque
878 3661 1032 3717 clarissime
1053 3663 1119 3717 inde
1138 3663 1237 3729 elucet,

121 3749 195 3818 quod
223 3748 302 3803 deest
330 3749 464 3804 articulus
492 3753 553 3806 τῶν.
589 3749 623 3804 In
650 3750 805 3821 hyperbato
828 3750 942 3804 minime
967 3749 1165 3806 offendendum
1183 3754 1238 3821 est,

119 3856 182 3894 cum
199 3838 355 3894 rectissime
374 3839 534 3908 exposuerit
552 3841 581 3894 et
598 3839 777 3894 Lehmannus
797 3839 832 3894 ad
851 3855 911 3909 cap.
933 3841 964 3893 16
985 3840 1013 3892 et
1031 3837 1180 3893 Gourierus
1199 3839 1237 3894 ad

119 3944 178 3996 cap.
198 3930 233 3982 20
255 3928 285 3981 in
308 3927 390 3982 huius
415 3927 526 3997 generis
554 3927 783 3982 translationibus
802 3928 958 3984 uerborum·
968 3929 1110 3982 auctorem
1128 3927 1235 3998 aliquid

119 4016 289 4084 quaesivisse
307 4015 408 4085 videri3
428 4017 503 4070 certe
523 4015 688 4086 saepissime
708 4031 755 4070 eas
774 4031 934 4085 usurpasse.

1020 4108 1037 4159 4
