2902 4702
614 362 834 426 ..58-

165 550 308 624 positione
338 549 422 610 valde
453 547 578 625 firmari,
610 567 695 623 quam
727 550 855 610 breuiter
878 566 953 608 nunc
983 550 1071 610 velim
1099 566 1209 610 mecum
1234 570 1282 613 re-

165 647 357 722 cognoscas.¹)

245 745 350 804 Lucius
371 744 488 816 qnidam
509 745 620 804 iuvenis
644 746 675 804 in
694 742 872 804 Thessaliam
897 745 956 804 iter
975 743 1058 812 facit,
1089 762 1175 817 quem
1196 746 1281 806 Chal·

167 842 266 912 dacus,
282 858 347 901 cum
361 841 396 900 de
410 842 471 901 1111
485 847 628 915 proventu
641 843 806 915 inquireret,
829 842 981 900 historiam
995 858 1128 915 magnam
1142 849 1173 902 et
1187 845 1280 904 incre·

168 939 295 997 dundam
309 938 436 997 fabulam
451 944 480 997 11
497 939 587 997 libros
601 939 731 997 futurum
744 939 901 1012 respondit.
933 938 989 997 Est
1001 939 1050 997 ille
1064 939 1171 999 Lucius
1184 958 1282 999 rerum

166 1036 339 1095 mirabilium
375 1037 610 1105 studiosissimus,
647 1052 767 1108 cumque
802 1053 837 1095 ex
872 1036 981 1095 duobus
1020 1036 1172 1095 comitibus
1207 1039 1284 1097 alter

164 1135 256 1193 miras
276 1135 414 1206 quasdam
439 1134 561 1193 fabellas
587 1133 623 1192 de
644 1133 878 1192 Thessalicarum
908 1133 1063 1192 mulierum
1095 1133 1166 1192 diris
1197 1151 1282 1193 cona·

165 1231 293 1290 minibus
306 1231 486 1305 protulisset,
508 1230 544 1289 ob
560 1247 663 1303 easque
677 1232 713 1289 ab
729 1231 821 1288 altero
835 1230 919 1289 valde
939 1231 1015 1290 risus
1029 1235 1113 1301 essct,
1141 1247 1172 1290 11
1187 1233 1283 1291 11111

166 1330 219 1388 illa
240 1329 359 1388 credere
372 1329 534 1402 profitetur,
556 1329 743 1401 omnibusque
758 1328 868 1389 viribus
882 1329 1016 1401 Hypatio,
1039 1344 1094 1399 quo
1110 1328 1281 1399 devertitur,

166 1427 260 1485 anniti
281 1426 444 1498 constituit,
477 1431 510 1483 ut
530 1426 593 1499 ipse
614 1427 673 1485 tale
700 1425 769 1497 quid
789 1425 856 1483 miri
879 1425 986 1484 videat.
1029 1423 1158 1496 Cumque
1178 1427 1233 1486 hoc
1254 1428 1282 1485 ei

169 1523 354 1595 contigisset,
387 1528 418 1581 et
443 1522 564 1596 hospitis
594 1523 639 1581 sui
662 1539 790 1595 uxorem,
817 1538 891 1593 quae
916 1522 1031 1595 etipsa
1056 1522 1129 1581 artis
1153 1523 1282 1596 magicae

167 1620 344 1694 peritissima
375 1625 451 1692 crat,
487 1620 610 1678 ancillae
640 1619 747 1678 auxilio
781 1620 977 1692 conspexisset
1008 1620 1038 1678 in
1072 1637 1155 1679 avem
1184 1625 1277 1678 trans·

166 1717 333 1790 formatam,
361 1717 419 1775 iam
440 1718 476 1775 ab
497 1717 549 1775 1111
568 1717 785 1790 inpensissimis
805 1717 938 1790 precibus
958 1717 1043 1790 petit,
1065 1723 1098 1775 ut
1118 1733 1148 1776 se
1168 1732 1280 1789 quoque

167 1815 198 1873 in
221 1815 309 1873 aliam
331 1815 455 1889 speciem
475 1819 634 1884 convertat,
656 1819 688 1872 ut
707 1814 833 1887 experiri
853 1815 954 1886 possit,
974 1831 1042 1873 num
1055 1814 1150 1873 forma
1169 1819 1282 1874 mutata

169 1928 285 1972 sensum
305 1914 460 1971 humanum
481 1916 645 1970 retenturus
669 1913 716 1970 sit.
758 1911 816 1970 Sed
841 1911 957 1986 plurimi
978 1916 1038 1970 stat
1058 1913 1085 1970 ei
1105 1913 1176 1971 haec
1196 1913 1284 1970 nimia

167 2010 329 2070 curiositas.
368 2009 505 2068 Ancillae
525 2011 600 2068 enim
622 2010 753 2069 socordia
773 2023 826 2084 pro
848 2026 900 2068 ave
920 2010 951 2068 in
971 2011 1082 2068 asinum
1102 2016 1232 2069 mutatur
1252 2016 1282 2070 11

171 2123 189 2166 1
208 2107 370 2166 latronibus
390 2107 619 2179 inrumpentibus
640 2124 697 2166 una
718 2123 782 2167 cum
810 2123 883 2179 equo
905 2123 956 2165 suo
977 2107 1138 2167 abducitur.
1180 2106 1280 2180 Atque

168 2203 228 2262 iam
249 2203 464 2263 calamitatibus
484 2203 741 2263 innumerabilibus
768 2204 866 2276 eisque
887 2220 972 2276 saepe
996 2204 1128 2263 ridiculis
1148 2210 1281 2274 vexatur,

169 2301 236 2358 dum
251 2300 390 2372 singulari
405 2299 467 2358 eius
483 2300 631 2359 docilitate
653 2316 721 2359 casu
736 2301 851 2374 cognita
869 2301 906 2359 ad
919 2300 1068 2360 meliorem
1081 2301 1160 2360 vitae
1173 2305 1282 2360 statum

168 2397 298 2472 pervenit
312 2396 484 2468 tandemque
505 2397 535 2454 in
555 2399 672 2456 theatro
686 2398 937 2457 Thessaloniceusi
954 2397 1138 2456 reformatur.
1181 2397 1281 2469 Atque

170 2511 233 2555 cum
256 2498 436 2566 spectatores
462 2498 496 2552 ut
521 2511 638 2566 magum
663 2511 727 2552 eum
759 2494 927 2554 comburere
958 2494 1077 2564 uellent,
1110 2509 1193 2552 casus
1217 2508 1283 2552 suos

171 2592 301 2651 omnibus
332 2591 463 2664 exponit,
497 2592 578 2663 sique
609 2607 640 2650 se
666 2591 784 2650 mentiri
809 2595 912 2664 putent
936 2591 1010 2667 petit
1035 2591 1218 2664 apraeside,
1251 2595 1284 2648 ut

171 2690 284 2749 tamdiu
304 2691 335 2748 in
355 2689 486 2748 custodia
512 2694 656 2762 teneatur,
689 2690 754 2748 dum
781 2690 832 2748 illa
853 2690 948 2748 omnia
972 2689 1095 2748 testibus
1116 2687 1284 2747 confirmata

172 2788 239 2846 siut.
272 2787 405 2846 Postulat
418 2791 487 2846 tunc
500 2804 624 2860 praeses,
646 2792 680 2845 ut
699 2803 803 2845 nomen
824 2788 1004 2860 patriamque
1024 2802 1106 2845 suum
1127 2786 1219 2859 dicat3
1234 2785 1285 2844 sed

174 2885 223 2944 vix
238 2885 297 2942 illis
311 2884 418 2943 auditis
431 2885 532 2943 statim
552 2884 734 2960 amplexatur
748 2901 812 2943 eum
828 2885 973 2956 filiumque
988 2900 1052 2943 esse
1065 2883 1209 2942 homiuum
1229 2883 1285 2941 sibi

173 2981 387 3041 carissimorum
401 2980 562 3054 profitetur,
574 2996 657 3051 quem
673 2998 729 3039 non
744 2982 861 3039 mentiri
875 2997 958 3053 posse
967 2981 1023 3038 sibi
1033 2995 1199 3053 persuasum
1213 2994 1284 3040 esse.

250 3079 314 3137 Hoc
336 3081 380 3135 est
399 3083 600 3149 argumentum
615 3077 709 3148 ‚Lucii
722 3077 881 3137 Patrensis‘
896 3077 996 3136 libelli.
1029 3078 1090 3135 lam
1103 3078 1130 3136 si
1143 3076 1284 3149 ponimus,

174 3176 347 3248 scriptorem
368 3174 418 3231 illo
438 3174 502 3232 loco
518 3175 651 3233 mutilato
666 3173 868 3247 significatum,
890 3175 939 3246 qui
959 3170 1107 3252 incopibd)
1128 3171 1174 3234 aci
1194 3169 1286 3230 ἄλλων

173 3271 326 3350 συγγραφέα
340 3287 372 3329 11
387 3270 450 3343 ipse
465 3272 594 3344 appellat
608 3269 696 3330 fuisse
710 3267 1028 3347 paradoxographum³)
1042 3271 1180 3330 mirarum
1192 3269 1287 3328 Meta·

245 3439 268 3508 ¹)
286 3437 339 3493 Vix
358 3440 412 3506 est,
432 3436 507 3507 quod
524 3453 653 3492 moneam
671 3455 716 3493 me
734 3439 764 3492 in
782 3438 834 3494 hoc
851 3439 1001 3493 summario
1020 3454 1082 3492 eam
1098 3436 1181 3491 huius
1198 3433 1288 3490 libelli

171 3525 291 3581 formam
310 3526 398 3596 sequi,
418 3541 502 3596 quam
521 3527 665 3595 superiore
684 3526 873 3597 disputatione
891 3526 1011 3582 restitui.

248 3615 268 3684 ²)
287 3614 390 3670 Vocem
402 3612 520 3687 ἱστοριῶν
533 3616 612 3685 patet
624 3613 677 3669 hoc
689 3615 750 3670 loco
769 3630 825 3669 non
837 3616 878 3670 ita
890 3615 1016 3683 intellegi
1027 3629 1119 3684 posse,
1140 3615 1173 3667 11
1184 3611 1286 3666 Lucius

176 3702 225 3758 ille
245 3702 394 3758 historicus
412 3702 509 3772 fuerit,
533 3703 607 3773 quod
625 3702 755 3757 Rohdeus
777 3702 865 3758 voluit
883 3703 913 3756 in
930 3702 1026 3758 libello
1045 3717 1096 3757 suo
1114 3717 1142 3771 p.
1161 3702 1209 3769 24,
1238 3698 1288 3754 sed

174 3791 272 3846 codem
296 3807 382 3846 sensu
408 3792 529 3862 positam
557 3806 620 3846 esse
648 3793 732 3862 atque
759 3792 790 3845 in
807 3791 887 3846 libris
905 3790 1022 3847 Luciani
1050 3789 1153 3862 dlqdlpe
1181 3787 1289 3862 ἱστορία,

172 3879 284 3935 Aeliani
302 3872 402 3951 ποικίλη
422 3877 530 3951 ἱστορία,
548 3879 702 3935 Ptolemaei
725 3879 798 3953 καινὴ
816 3877 914 3953 {scopia
933 3881 996 3936 alia.

246 3967 265 4038 ³)
286 3967 356 4024 Cum
374 3968 426 4024 hac
444 3985 475 4024 re
500 3969 649 4025 cohaerere
667 3969 778 4024 videtur
795 3968 927 4040 frequens
948 3970 1023 4025 vocis
1048 3966 1192 4041 παράδοξος
1220 3980 1288 4020 usus

172 4057 203 4111 in
222 4057 275 4112 hoc
292 4057 388 4112 libello
407 4058 513 4114 obvius.
541 4058 604 4112 vide
624 4073 702 4128 capp.
721 4062 748 4128 4,
766 4060 792 4128 b,
812 4060 854 4126 ll,
873 4060 908 4113 48
927 4058 1003 4128 (bis),
1020 4060 1064 4127 49,
1084 4058 1128 4113 50.
