2902 4702
612 330 832 393 „30-

164 521 381 594 Hypatensibus
406 524 479 580 artis
508 525 636 595 magicae
655 522 733 581 fama
763 523 856 580 minus
880 519 1023 594 floruisse,
1055 527 1088 579 et
1122 523 1284 582 clarissime

166 618 311 677 refellitur
331 622 381 694 eis,
403 637 477 692 quae
495 622 526 678 in
540 621 646 694 Apulei
658 621 734 680 libro
755 621 785 679 II
799 637 817 677 a
831 637 895 692 cap.
910 620 1129 678 3113111111
1148 621 1286 694 potentia

167 718 300 788 exposita
319 723 394 777 sunt.
434 717 546 777 Contra
559 720 721 794 clarissima
733 719 806 776 baec
820 718 917 777 omnia
936 724 1004 776 sunt
1023 718 1101 789 apud
1114 716 1283 792 Apuleium,

165 813 243 883 apud
264 830 347 885 quem
368 816 443 874 11313
464 818 500 875 ob
521 816 635 875 oausam
654 817 782 889 Hypatis
802 817 983 889 potissimum
1002 817 1063 874 tale
1084 817 1284 889 spectaculum

165 912 304 984 magicum
325 929 355 971 se
375 913 504 972 visurum
525 930 587 972 3333
607 919 706 986 sperat
727 913 773 987 (II
796 913 837 988 1),
860 914 935 984 quod
953 914 1089 972 comitum
1103 914 1287 973 sermonibus

165 1007 240 1067 libro
255 1010 441 1082 praecedeuti
451 1011 549 1068 allatis
560 1010 595 1067 de
606 1026 757 1081 megaram
767 1010 981 1082 Hypatensium
996 1010 1068 1068 diris
1082 1011 1284 1069 conaminibus

166 1122 213 1163 res
234 1107 391 1179 permultas
421 1123 508 1177 quam
541 1106 664 1164 maxime
695 1106 841 1165 mirandas
868 1099 903 1164 'et
928 1107 1086 1179 stupendas
1117 1107 1282 1166 audiverat.

166 1201 353 1262 Manifestum
379 1207 424 1261 est
450 1204 542 1262 simile
567 1203 635 1274 quid
660 1203 737 1275 apud
756 1203 918 1261 Luciannm
949 1203 986 1261 ad
1006 1204 1181 1263 senteutiam
1201 1205 1283 1264 illam

168 1299 367 1371 explicandam
389 1301 549 1359 desiderari
569 1317 604 1359 33
623 1317 716 1372 paene
736 1298 872 1372 flagitari.
915 1301 994 1371 Quae
1006 1301 1144 1360 molestia
1156 1301 1200 1360 sic
1219 1301 1283 1360 siue

168 1395 254 1455 dubio
275 1397 383 1470 optime
403 1397 535 1467 tolletur,
556 1399 581 1456 si
596 1398 715 1455 Asinum
736 1398 791 1456 hoo
812 1414 924 1469 quoque
944 1398 1008 1456 looo
1030 1404 1198 1470 excerptum
1219 1415 1283 1458 esse

166 1494 326 1551 statuemus
346 1509 436 1566 eaque
457 1495 561 1562 recisa,
582 1509 656 1564 quae
677 1511 713 1551 ex
733 1493 906 1566 Apuleianis
926 1495 1017 1553 Lucio
1038 1495 1194 1559 vindicavi.

244 1590 377 1658 Accedit,
400 1591 475 1663 quod
489 1592 576 1650 etiam
590 1592 619 1648 in
633 1592 697 1663 ipso
712 1589 799 1649 Asini
811 1596 895 1648 textu
914 1593 1110 1664 excerptionis
1127 1591 1284 1664 vestigium

167 1687 239 1746 satis
260 1689 369 1746 clarum
389 1687 504 1746 videtur
525 1693 649 1747 exstare.
690 1688 835 1745 Maximas
855 1688 931 1745 enim
952 1688 1138 1747 difficultates
1150 1691 1283 1762 ,praebet

165 1787 309 1844 sententia
336 1785 401 1858 1113,
430 1802 514 1858 quam
540 1785 637 1859 paullo
668 1791 735 1857 post
755 1785 903 1843 exordium
929 1786 1065 1859 scriptam
1087 1786 1286 1846 videmussed

167 1904 226 1945 πως
246 1885 343 1962 ἔτυχον
358 1883 404 1942 καὶ
425 1881 501 1942 ἄλλοι
522 1882 644 1946 ἀπιόντες
655 1882 692 1945 εἰς
711 1880 820 1940 Ὕπατα
841 1882 917 1940 πόλιν
938 1886 987 1960 τῆς
1007 1880 1153 1948 Θετταλίας
1174 1882 1281 1943 ἐκεῖθεν

166 1978 250 2044 ὄντες.
291 1979 417 2039 Videtur
438 1981 513 2039 enim
538 1982 603 2050 illa,
625 1982 651 2037 si
671 1985 805 2038 accurate
826 1980 1039 2053 interpreteris,
1068 1981 1216 2053 particula
1236 1979 1284 2040 καί

167 2075 334 2135 3113111131
373 2078 482 2135 inserta
507 2078 668 2136 necessario
694 2078 856 2150 postulare,
888 2082 921 2134 ut
946 2081 1033 2135 31133
1053 2078 1139 2136 Lucii
1159 2078 1282 2150 Hypata

166 2175 365 2248 proficiscendi
406 2175 556 2233 consilium
592 2180 844 2233 commemoratum
876 2175 927 2246 sit,
960 2174 1118 2246 eademque
1150 2192 1214 2233 cum
1246 2175 1283 2233 ad

168 2290 271 2331 nomen
296 2269 404 2330 Ὕπατα
425 2273 580 2344 explicatio
603 2271 719 2329 adiecta
732 2273 770 2329 sit
790 2270 866 2329 πόλιν
880 2275 930 2347 τῆς
943 2268 1098 2344 Θετταλίας,
1122 2273 1281 2331 clarissime

167 2370 295 2429 indicare
316 2369 415 2427 urbem
436 2369 516 2426 illam
536 2371 590 2427 hoo
611 2369 673 2426 loco
695 2369 787 2440 primo
807 2369 958 2441 appellari.
1001 2370 1092 2440 Quam
1113 2369 1279 2440 discrepan-

165 2469 236 2526 tiam
256 2467 392 2526 facillime
413 2467 551 2540 explices,
584 2467 610 2525 si
634 2472 761 2524 nostram
787 2467 822 2523 de
842 2467 928 2524 Lucii
953 2468 1119 2525 narratione
1138 2464 1281 2538 probabis
1316 2504 1318 2508 -

166 2567 348 2626 sententiam.
384 2565 464 2623 Tunc
479 2565 553 2624 enim
570 2569 700 2637 apparet,
716 2564 838 2637 primam
849 2564 933 2622 buius
948 2565 1052 2638 capitis
1065 2567 1177 2637 partem
1190 2579 1281 2634 usque

166 2665 317 2739 adipeam
342 2665 416 2722 bano
443 2663 629 2732 sententiam,
661 2679 726 2720 oum
752 2668 888 2720 accurate
915 2663 1047 2720 concinat
1068 2678 1132 2720 cum
1152 2659 1281 2734 Apuleio

109 2830 114 2841 Ι
167 2763 198 2838 (Ι
219 2762 252 2838 2)
274 2760 403 2836 profecto
424 2761 515 2834 ipsius
534 2760 619 2819 Lucii
641 2761 789 2832 exemplar
808 2759 893 2817 nobis
911 2764 1140 2831 repraesentare.
1181 2756 1281 2829 Atque

167 2860 256 2919 etiam
276 2858 361 2917 huius
382 2858 525 2916 enuntiati
546 2863 659 2929 partem
674 2858 800 2930 priorem
821 2857 918 2933 ἔτυχον
940 2855 970 2912 δὲ
991 2855 1037 2914 καὶ
1059 2853 1144 2928 ἄλλοι,
1167 2856 1193 2914 31
1214 2871 1280 2914 oon·

167 2958 228 3016 fero
249 2955 359 3028 Apulei
378 2955 467 3014 verba
494 2955 573 3030 (12)
598 2956 725 3026 „duobus
754 2954 902 3022 comitum,
930 2954 979 3025 qui
1003 2953 1100 3012 13113
1121 2953 1281 3025 paullulum

167 3057 380 3129 processerant,
412 3051 530 3109 tertium
552 3068 597 3109 me
618 3053 727 3124 lacio“,
762 3052 800 3109 ad
824 3052 904 3109 illum
931 3050 1104 3109 rettulerim.
1145 3052 1186 3107 At
1208 3063 1281 3121 quae

167 3136 301 3224 deinceps
321 3148 479 3208 afferuntur
493 3149 528 3208 de
543 3149 676 3207 comitum
697 3151 794 3222 131113
815 3153 844 3208 31
858 3150 963 3207 1111313
985 3147 1107 3210 ἀπιόντες
1127 3146 1155 3209 ἐς
1173 3144 1282 3203 Ὕπατα

167 3247 272 3308 inedies
294 3246 369 3309 ὄντες
389 3251 521 3319 apertum
541 3251 587 3305 331
606 3247 643 3305 ab
668 3251 836 3320 exoerptore
860 3263 923 3305 esse
943 3245 1089 3319 proiecta,
1123 3260 1186 3301 cum
1205 3241 1282 3315 apud

167 3345 288 3404 Lucium
310 3344 444 3403 comitum
461 3344 589 3417 ipsorum
610 3361 741 3402 sermone
756 3344 873 3402 inducto
888 3344 959 3402 haec
975 3358 1086 3414 quoquo
1106 3355 1222 3399 necesse
1243 3340 1282 3396 sit

168 3443 280 3502 directa
301 3442 429 3501 oratione
450 3442 539 3500 111333
560 3442 699 3502 exhibita.
741 3441 839 3515 Quare
865 3458 927 3499 oum
953 3440 1080 3512 priorem
1106 3436 1191 3496 huius
1215 3451 1280 3493 sen·

168 3542 280 3601 tentiae
290 3546 403 3615 partem
414 3556 471 3597 una
483 3556 545 3598 cum
557 3539 796 3612 praecedentibus
807 3543 960 3610 excerptor
971 3552 1007 3594 ex
1017 3534 1175 3608 exemplari
1184 3533 1282 3592 videa·

168 3646 217 3700 tur
240 3639 467 3712 transcripsisse,
488 3639 676 3710 posteriorem
696 3654 731 3696 ex
751 3638 814 3711 ipso
836 3636 970 3695 comitum
990 3635 1130 3704 colloquio
1148 3633 1281 3691 haustam

169 3739 204 3798 de
225 3755 275 3797 suo
289 3719 450 3806 addidisse,
471 3735 541 3807 quid
561 3736 673 3808 mirum,
695 3735 770 3808 quod
790 3736 857 3807 ipsa
877 3734 928 3792 illa
949 3749 1044 3792 secum
1064 3733 1196 3805 1111311>

247 3835 384 3894 Omnibus
414 3835 472 3893 iam
502 3838 582 3893 recte
612 3834 773 3907 perspectis
793 3831 866 3890 illud
891 3835 998 3900 restat,
1029 3832 1062 3887 11
1092 3829 1167 3886 hano
1197 3824 1282 3883 Lucii

168 3933 343 3992 narrationis
368 3933 489 3991 formam
511 3949 546 3991 ex
565 3931 691 4004 Apuleio
717 3931 883 3990 restitutam
910 3933 941 3987 31
961 3945 997 3986 ex
1018 3925 1166 3998 ‚Luciano‘
1187 3922 1281 3980 firma-

168 4034 230 4088 tam
256 4031 363 4103 optime
383 4030 421 4087 ad
446 4047 481 4089 ea
509 4044 619 4102 quoquo
644 4027 786 4100 quadrare
810 4041 950 4099 moneam,
976 4039 1049 4096 quae
1073 4026 1139 4080 3113
1164 4015 1279 4095 (11.10)
