2902 4702
647 383 868 445 ...44..

199 573 451 633 animadverteret.
497 573 626 632 Exhibet
656 575 732 632 enim
766 575 837 633 VIII
865 577 900 632 15
932 575 1004 633 haec
1037 591 1107 643 „nec
1132 592 1178 632 me
1203 575 1316 648 pondus

200 670 332 727 sarcinae
343 685 514 741 quamquam
528 670 652 728 enormis
666 670 818 743 urguebat,
842 671 948 742 quippe
961 671 1088 742 gaudiali
1102 671 1174 743 iuga
1188 671 1316 729 detesta-

198 766 285 823 bilem
305 765 387 823 illum
408 771 585 826 exsectorem
606 766 756 826 virilitatis
776 783 858 824 meae
879 768 1123 840 relinquentem“‚
1147 769 1315 840 quibuscum

199 861 286 919 Asini
316 868 404 934 caput
425 864 463 921 34
493 879 612 935 prorsus
643 863 767 921 concinit
798 860 914 938 ἅσμενος
943 863 974 921 τὸ
1006 863 1135 940 ἐμπόδιον
1159 867 1240 924 τοῦτο
1266 870 1316 943 τῆς

154 979 158 988 ·
200 956 270 1034 ἐμῆς
290 956 426 1035 ἐδεξάμην
447 957 575 1035 irrepit.
617 959 703 1017 Patet
723 959 812 1031 igitur
832 959 957 1019 dilucide
978 961 1052 1018 hauc
1078 962 1256 1020 sententiam
1279 979 1316 1021 ex

199 1054 291 1113 Lucio
312 1054 449 1113 Patrensi
469 1053 594 1114 fluxisse.
625 1056 732 1114 Verum
747 1056 860 1114 etiamsi
874 1071 909 1114 ea
923 1057 1074 1128 aptissima
1085 1062 1130 1116 est
1143 1058 1175 1116 in
1188 1057 1314 1131 Graeco,

201 1167 264 1209 cum
285 1153 381 1224 capite
402 1153 439 1210 33
461 1153 650 1211 evirationem
664 1153 691 1210 ei
711 1152 860 1210 imminere
875 1153 1013 1212 certiores
1027 1152 1100 1212 facti
1110 1155 1207 1227 simus,
1229 1172 1315 1228 pror·

200 1263 249 1305 sus
269 1248 369 1319 inepta
390 1248 506 1307 videtur
526 1248 603 1321 apud
624 1249 790 1322 Apuleium,
824 1265 888 1306 cum
907 1250 938 1307 in
959 1249 1169 1321 additamento,
1201 1251 1237 1309 de
1258 1268 1315 1323 quo

199 1360 274 1401 nunc
305 1345 429 1418 agimus,
462 1347 493 1404 in
524 1347 620 1419 capite
642 1347 680 1404 26
706 1352 807 1419 aperte
834 1346 942 1405 dictum
967 1347 1019 1417 sit,
1051 1354 1183 1421 pastores
1207 1354 1316 1408 tunca

198 1441 295 1512 priore
326 1443 469 1500 sententia
494 1443 646 1502 recessisse
667 1460 759 1514 neque
779 1445 838 1502 iam
860 1444 986 1514 evirare,
1018 1444 1068 1503 sed
1089 1444 1237 1503 trucidare
1258 1447 1315 1504 asi·

199 1553 265 1594 num
286 1543 354 1595 tnnc
375 1538 406 1595 in
426 1539 520 1597 animo
541 1540 684 1597 habuisse.
717 1539 831 1610 Quare
852 1539 906 1598 hac
920 1556 978 1597 una
992 1541 1136 1599 sententia
1150 1540 1230 1600 firme
1246 1559 1313 1616 per·

200 1634 326 1694 vincitur
355 1640 491 1708 quattuor
521 1637 573 1695 illa
604 1637 701 1709 capita
732 1639 768 1695 ab
789 1638 913 1709 Apuleio
940 1653 996 1696 uon
1018 1655 1053 1696 ex
1074 1637 1156 1696 fonte
1176 1639 1314 1711 primario

203 1732 352 1805 desumpta
377 1750 438 1792 esse
460 1734 512 1792 sod
533 1735 651 1807 abipso
672 1735 793 1793 adiecta.
835 1735 969 1807 Accedit,
1003 1736 1138 1808 quadis,
1172 1736 1220 1808 qui
1240 1737 1314 1795 hanc

201 1828 326 1888 fabulam
348 1832 530 1904 excogitavit,
562 1832 625 1891 sine
646 1832 731 1890 dubio
751 1833 835 1890 homo
857 1834 1101 1905 ingeniosissimus
1120 1832 1184 1906 fuit,
1208 1835 1314 1907 quippe

199 1927 250 1997 qui
279 1927 309 1985 in
339 1929 422 1986 novis
452 1945 566 2001 semper
596 1929 809 1988 condicionibus
844 1931 956 1988 asinum
986 1935 1152 1989 versantem
1173 1930 1315 2004 depingat

200 2040 293 2094 neque
324 2040 449 2096 unquam
470 2025 624 2098 quidquam
645 2029 766 2098 repetat.
813 2027 854 2083 At
875 2043 993 2099 prorsus
1013 2026 1071 2084 alia
1091 2031 1136 2084 est
1156 2027 1227 2086 haec
1247 2043 1313 2085 nar·

198 2121 282 2190 ratio,
304 2124 367 2179 tota
388 2138 423 2180 ex
443 2123 684 2194 praecedentibus
703 2123 862 2182 infeliciter
881 2122 1013 2195 conflata,
1036 2139 1100 2180 cum
1115 2129 1144 2182 et
1158 2124 1238 2197 prior
1250 2125 1312 2182 eius

198 2234 267 2290 pars
287 2218 366 2277 haud
387 2219 506 2278 obscure
527 2236 561 2278 ca
581 2221 728 2292 respiciat,
750 2236 823 2291 quae
845 2220 881 2279 de
902 2220 978 2279 asIni
997 2218 1065 2293 iuga
1085 2221 1312 2295 etcomprehen-

198 2315 278 2372 sione
299 2314 354 2388 (VI
375 2316 508 2391 27-30)
538 2322 659 2375 narrata
684 2321 763 2386 sunt,
795 2321 824 2374 et
845 2317 993 2374 exordium
1015 2333 1079 2374 cum
1099 2316 1142 2374 eis
1163 2323 1311 2390 congruat,

198 2428 271 2485 qnae
296 2412 327 2469 in
351 2428 383 2470 re
404 2412 491 2470 simili
511 2413 654 2485 Apuleius
675 2413 761 2471 affert
781 2413 825 2472 IV
846 2415 872 2471 3.
915 2413 999 2486 Quod
1020 2414 1163 2485 reliquum
1182 2419 1227 2471 est
1246 2418 1312 2473 tota

198 2509 362 2580 argumenti
381 2511 458 2568 ratio
479 2511 582 2568 mirum
602 2511 632 2568 in
653 2510 768 2568 modum
788 2511 831 2568 ita
852 2509 1032 2582 complicati,
1053 2516 1086 2568 ut
1106 2510 1191 2569 homo
1211 2511 1310 2570 inson-

198 2607 324 2665 tissimus
346 2625 364 2666 a
384 2608 550 2680 pastoribus
570 2609 733 2666 necessario
753 2624 807 2680 pro
822 2608 926 2667 sicario
940 2608 1090 2680 habeatur,
1114 2625 1151 2665 ex
1165 2607 1312 2667 declama-

199 2705 310 2764 tionum
331 2707 500 2765 collectione
520 2706 571 2764 illa
592 2710 706 2778 sumpta
725 2722 788 2764 esse
809 2706 923 2779 probat.
1259 2703 1263 2709 '

277 2803 367 2864 Venit
387 2811 455 2862 tunc
475 2804 594 2862 nuntius
615 2820 650 2862 cx
672 2803 792 2862 civitate
813 2805 946 2876 proxima
966 2803 997 2860 in
1019 2819 1103 2875 agros
1123 2807 1311 2876 pastoresque

143 2936 145 2941 ,
198 2901 335 2960 certiores
365 2901 438 2958 facit
473 2899 602 2961 dominos
634 2916 732 2959 eorum
759 2900 895 2959 Chariten
928 2900 1183 2971 Tlepolemumque
1214 2899 1310 2958 subita

198 3003 290 3056 morte
321 2999 474 3058 interiisse.
520 2999 581 3069 Quo
613 3001 728 3071 cognito
759 2999 804 3055 illi
836 2998 939 3070 fugere
964 2997 1143 3056 constituunt
1167 2997 1310 3067 triumque

199 3095 309 3153 dierum
330 3094 435 3152 itinere
456 3095 588 3153 coniecto
609 3095 751 3153 Beroeam
772 3095 941 3167 pervenIunt
963 3093 1047 3168 (Luc.
1071 3095 1109 3151 34
1131 3095 1216 3166 Apul.
1237 3091 1310 3151 VIII

200 3190 318 3264 1-22).
359 3191 424 3265 Qua
444 3192 558 3250 ratione
579 3192 685 3250 domini
705 3192 812 3251 mortui
832 3192 903 3261 siut,
936 3191 1101 3264 ,Lucianus‘
1123 3196 1223 3250 narrat
1243 3194 1311 3251 bre·

196 3289 327 3356 vissime,
361 3304 424 3345 cum
455 3288 626 3361 simpliciter
647 3289 786 3346 ambobus
817 3289 896 3346 circa
921 3288 1072 3346 meridiem
1097 3289 1128 3346 in
1148 3304 1200 3346 ora
1221 3289 1311 3346 maris

198 3385 411 3444 ambulantibus
431 3384 549 3443 fluctum
571 3387 769 3457 supervenisse
791 3400 895 3456 eosque
910 3386 1088 3458 oppressisse
1109 3385 1210 3444 refert.
1232 3385 1311 3457 Apu·
1421 3404 1425 3409 ⁴

83 3556 86 3563 Ι
196 3482 269 3541 laius
296 3486 398 3541 contra
422 3481 551 3541 fabulam
578 3481 662 3540 affert
682 3483 772 3540 multo
794 3483 964 3555 ampliorem
986 3499 1115 3555 quaeque
1135 3482 1199 3555 ipsa
1220 3498 1311 3554 argu·

196 3581 287 3639 menti
307 3581 463 3639 atrocitate
484 3581 615 3654 proxime
630 3580 751 3638 accedat
766 3580 804 3638 ad
817 3578 939 3638 fabellas
953 3581 1019 3638 illas
1034 3579 1070 3638 de
1085 3579 1204 3652 pistoris
1217 3583 1311 3637 morte

199 3677 292 3750 deque
312 3678 415 3737 rustici
436 3678 660 3751 calamitatibus,
683 3678 718 3736 de
739 3678 842 3748 quibus
863 3693 949 3750 supra
969 3677 1100 3735 disserui.
1139 3676 1310 3734 Rectissime

198 3772 417 3834 Goldbacherus
438 3775 573 3848 exposuit
593 3779 749 3848 praeeunte
762 3773 883 3832 Rohdeo
904 3774 983 3832 illam
1004 3780 1065 3832 tam
1086 3773 1229 3831 diversam
1248 3789 1310 3832 esse

194 3887 215 3929 a
236 3873 339 3932 ceteris
359 3845 444 3931 huius
461 3872 578 3931 fabulae
597 3874 712 3931 iocosae
732 3872 871 3951 partibus,
893 3877 926 3928 ut
945 3871 1108 3930 necessario
1130 3869 1309 3929 efficiendum

192 3969 236 4029 sit
256 3986 321 4030 eam
341 3970 456 4030 aliunde
476 3972 513 4030 ab
528 3971 648 4044 Apuleio
670 3975 847 4044 assumptam
868 3986 938 4028 osse.
980 3970 1021 4028 Et
1041 3970 1136 4043 ipsum
1150 3969 1191 4051 ‘se'
1201 3968 1259 4027 iam
1273 3966 1311 4024 ad

188 4065 294 4128 auena
314 4067 424 4126 deverti
444 4068 517 4126 satis
538 4069 615 4126 clare
636 4067 822 4140 significasse,
845 4083 909 4125 cum
929 4067 971 4124 sic
985 4067 1116 4124 nuntium
1130 4063 1310 4138 praesentem
