2902 4702
651 316 848 378 ..9-

193 512 330 571 credibilc
365 512 416 581 sit,
467 527 544 579 eum,
594 510 643 591 qui
678 511 801 568 Asinum
842 511 1038 582 ,Lucianeum‘
1081 511 1310 583 amplificandum

194 611 248 668 sibi
279 608 475 682 proposuerit,
508 624 604 666 rerum
637 607 813 665 mirabilium
844 608 928 665 nimis
959 607 1116 666 studiosum
1146 607 1234 667 fuisse
1266 611 1312 668 uel

165 733 169 743 ·
195 710 287 780 ipsum
321 723 369 764 eas
397 705 560 764 credidisse.
606 704 687 778 Quae
721 721 784 764 cum
800 714 805 724 '
819 706 862 764 ita
893 707 963 774 sint,
1000 721 1056 762 non
1083 705 1201 776 mirum,
1236 706 1312 777 quod

195 822 292 864 omnes
324 804 386 862 fere
417 803 473 863 viri
505 803 584 861 dccii
607 807 699 860 totam
729 804 804 860 hanc
831 811 990 861 extremam
1011 802 1110 861 Photii
1141 805 1310 862 sententiam

191 909 225 960 ut
245 918 410 975 perversam
432 905 481 959 aut
502 901 591 958 tacite
612 901 799 973 neglexerunt
820 908 871 958 aut
891 901 1002 972 apertis
1028 901 1122 960 verbis
1135 902 1309 960 reiecerunt.

192 999 273 1058 Unus
305 1016 368 1057 cam
394 999 514 1057 retinuit
533 997 672 1056 Rohdeus
699 1014 787 1068 eaque
813 999 878 1071 ipsa
899 998 978 1056 velut
999 997 1149 1056 Ariadnae
1170 997 1219 1056 filo
1241 1016 1310 1057 usus

193 1097 280 1154 facile
312 1095 440 1153 omnibus
466 1112 502 1151 ex
523 1093 741 1152 difficultatibus
762 1111 793 1152 se
815 1095 949 1168 expedire
969 1112 1054 1167 posse
1077 1097 1132 1155 sibi
1152 1097 1230 1154 visus
1252 1100 1305 1154 cst.

195 1194 252 1264 Qui
282 1196 315 1249 ut
341 1208 403 1249 eam
426 1207 489 1248 cum
509 1192 606 1262 priore
628 1190 679 1248 illo
702 1191 737 1248 de
758 1192 897 1249 librorum
918 1193 1106 1250 similitudine
1126 1194 1190 1251 loco
1212 1193 1309 1250 conci-

196 1291 290 1360 liaret,
313 1289 388 1345 hanc
408 1288 524 1345 tertiam
546 1288 581 1344 de
602 1288 714 1345 ratione
738 1288 815 1345 inter
829 1288 952 1346 Lucium
976 1294 1005 1346 et
1020 1289 1200 1360 ,Lucianum‘
1219 1291 1309 1347 inter-

198 1386 315 1443 cedente
336 1385 419 1442 finxit
441 1384 622 1453 seutentiam,
643 1390 677 1442 ut
697 1385 819 1442 Luciaui
839 1385 944 1441 librum
964 1385 1050 1443 Lucii
1064 1385 1311 1459 parodiamiuisse

194 1486 332 1541 censeret.
376 1483 476 1540 Facile
503 1483 577 1540 enim
598 1482 661 1538 ficri
681 1483 822 1554 potuisse,
854 1487 888 1539 ut
912 1483 996 1539 Lucii
1020 1483 1170 1541 historiam
1193 1500 1310 1553 gravem

194 1581 272 1638 illam
295 1585 324 1638 et
345 1597 474 1639 severam
495 1581 594 1653 paucis
615 1580 713 1639 verbis
734 1581 852 1639 mutatis
871 1581 1018 1638 Lucianus
1038 1581 1163 1637 iocosam
1177 1580 1311 1638 redderet

192 1684 222 1735 et
252 1677 427 1754 ironicam.¹)
467 1677 511 1735 At
537 1695 602 1736 mea
622 1678 734 1748 quidam
756 1678 901 1735 sententia
920 1678 1024 1735 Asinus
1045 1678 1227 1749 ,Luciaueus‘
1248 1682 1310 1735 tam

192 1775 248 1833 sibi
280 1780 412 1833 constans
454 1782 498 1834 cst
532 1777 563 1833 in
605 1775 698 1832 ironia
735 1775 787 1832 illa
817 1775 926 1846 lepida,
960 1791 1044 1845 quam
1075 1775 1149 1840 dixi,
1192 1775 1222 1831 in
1253 1789 1309 1831 uno

166 1943 169 1948 Ι
193 1889 304 1943 quoque
330 1872 391 1930 fere
411 1890 496 1931 versu
517 1874 684 1945 conspicua,
716 1878 750 1930 ut
775 1873 853 1930 nullo
874 1872 958 1930 modo
985 1872 1107 1942 cogitari
1132 1873 1223 1943 possit
1244 1887 1308 1928 eum

183 1971 250 2028 toli
280 1971 392 2029 rationo
425 1972 614 2042 compositum
647 1986 722 2041 esse,
754 1975 788 2027 ut
818 1970 912 2027 alieno
937 1969 1018 2041 operi
1043 1985 1143 2026 severo
1168 1970 1309 2041 gravique

196 2069 269 2125 alius
300 2069 425 2140 scriptor
454 2069 527 2126 sales
549 2069 686 2138 quosdam
708 2068 850 2126 insereret
869 2068 1012 2138 verbaque
1033 2067 1169 2124 nonnulla
1190 2067 1227 2124 ad
1241 2066 1310 2124 ridi·

196 2167 290 2223 culum
302 2166 494 2237 detorqueret.
518 2167 584 2224 Hac
597 2167 671 2224 enim
683 2166 797 2224 ratione
811 2167 836 2223 si
849 2182 918 2223 usus
932 2169 1016 2235 esset,
1030 2181 1089 2222 uon
1102 2165 1197 2237 potuit
1211 2164 1309 2222 hercle

194 2262 308 2320 libellus
333 2263 456 2321 evadere
481 2267 541 2320 tam
567 2264 721 2322 concinnus
742 2267 858 2333 tamque
878 2262 1063 2334 resplendens
1084 2278 1173 2332 usque
1195 2277 1308 2332 quaque

193 2360 305 2419 festivis
330 2361 490 2432 leporibus,
525 2361 611 2418 immo
638 2360 740 2418 similis
759 2359 854 2418 factus
875 2365 951 2417 esset
971 2359 1134 2417 Horatiano
1156 2359 1206 2416 illo
1228 2376 1307 2416 mon*

192 2457 279 2515 strosi
299 2458 367 2514 libri
389 2458 531 2530 exemplo.

265 2555 364 2625 Quare
399 2572 462 2612 cum
498 2557 528 2613 in
562 2557 646 2629 pleno
680 2556 796 2613 illorum
831 2555 952 2612 duorum
984 2555 1125 2613 librorum
1157 2569 1307 2624 consensu,
1400 2607 1408 2624 ,

194 2652 219 2708 si
239 2651 359 2709 Asinum
373 2653 643 2724 Metamorphoseon
663 2652 813 2724 parodiam
834 2669 897 2709 csse
918 2657 1047 2709 statuere
1067 2653 1148 2720 velis,
1169 2652 1251 2708 ilium
1272 2667 1308 2709 ex

193 2750 339 2807 severiore
361 2766 448 2821 opere
469 2750 665 2808 minutissimis
686 2749 856 2820 quibusdam
877 2749 1085 2807 mutationibus
1101 2749 1231 2806 effectam
1246 2765 1308 2807 esse

192 2861 256 2902 cum
275 2845 398 2904 Rohdeo
419 2863 527 2919 ponere
548 2847 662 2918 debeas,
685 2847 773 2904 talem
795 2849 892 2903 autem
914 2846 1054 2917 originem
1075 2845 1138 2918 ipsa
1153 2846 1235 2904 Asini
1255 2863 1308 2904 na·

192 2948 259 3000 tura
280 2948 310 3000 ct
330 2943 442 3001 indoles
463 2944 567 3001 reiciat
588 2948 675 3014 atque
695 2942 873 3013 reformidet,
897 2946 998 3014 aperto
1019 2945 1114 3000 actum
1135 2947 1179 3001 est
1195 2943 1229 3000 de
1244 2949 1308 3001 tota

190 3039 241 3096 illa
261 3040 382 3112 parodia
401 3047 431 3097 et
451 3041 523 3099 hacc
543 3056 654 3111 quoque
675 3040 751 3097 ratio
772 3039 870 3097 Photii
892 3039 1051 3097 sententiae
1072 3045 1220 3098 extremae
1241 3056 1305 3098 cum

191 3136 286 3207 priore
318 3136 379 3194 eius
411 3137 446 3194 de
467 3137 554 3195 Lucii
573 3137 752 3207 Luciumque
782 3134 944 3194 fabulorum
976 3136 1165 3194 similitudine
1196 3136 1304 3195 iudicio

192 3232 387 3290 conciliandae
401 3250 518 3305 prorsus
533 3236 576 3291 est
588 3233 723 3292 discussa.
746 3233 841 3303 Atque
853 3250 916 3291 cum
927 3236 1024 3306 priore
1035 3234 1098 3291 loco
1109 3233 1305 3306 patriarcham

193 3331 239 3388 vel
260 3332 412 3388 mentitum
434 3348 495 3390 esse
515 3332 562 3390 vel
584 3347 696 3390 errasse
712 3331 849 3389 credibile
863 3347 919 3387 non
941 3331 979 3389 sit
993 3330 1041 3405 (ci.
1055 3348 1082 3403 p.
1099 3330 1130 3406 5)
1145 3333 1307 3390 necessario

193 3428 330 3500 sequitur,
352 3430 514 3500 posteriore
535 3429 691 3488 falsissime
713 3445 778 3486 eum
802 3428 943 3488 iudicasse
957 3446 1050 3500 neque
1065 3429 1217 3501 quidquam
1234 3429 1307 3487 certi

193 3541 228 3581 ex
249 3541 282 3583 eo
305 3541 387 3597 posse
408 3524 491 3585 effici.

266 3747 285 3812 ¹)
305 3744 402 3799 Rohdc
422 3762 449 3815 p.
470 3747 514 3800 ll:
543 3745 647 3800 Sosiam
671 3748 733 3800 uber
750 3747 842 3800 konute
861 3764 902 3814 cr,
930 3748 1015 3800 indens
1033 3763 1061 3799 cr
1079 3746 1113 3798 im
1131 3746 1307 3799 mecentliclteu

195 3837 243 3888 deu
264 3835 340 3905 Gany
360 3836 406 3889 der
420 3835 572 3906 Erzdblu'uq
590 3835 726 3903 1111111111,
745 3836 803 3888 sehr
821 3837 888 3888 wolrl
904 3836 950 3888 wie
963 3836 1002 3888 ein
1012 3834 1169 3904 poscitote-ter
1182 3835 1306 3887 Zeiclmer

192 3926 238 3977 ruit
256 3925 353 3978 dulcinen
371 3924 493 3994 scharsca
505 3923 624 3978 strichen
643 3926 684 3978 die
700 3923 888 3993 Physiopuomie
907 3924 951 3976 des
965 3923 1072 3976 Ganzeu
1085 3940 1131 3976 aas
1144 3924 1213 3976 einer
1225 3930 1306 3976 erust-

193 4014 250 4070 11111
266 4015 414 4077 smerliclren
430 4015 457 4066 in
476 4014 529 4067 ene
547 4014 693 4067 sclelmdcic
712 4014 847 4067 ldcbelude
864 4012 1036 4066 comoedeia.
