<?xml version="1.0" encoding="UTF-8"?>
<!DOCTYPE html PUBLIC "-//W3C//DTD XHTML 1.0 Transitional//EN"
    "http://www.w3.org/TR/xhtml1/DTD/xhtml1-transitional.dtd">
<html xmlns="http://www.w3.org/1999/xhtml" xml:lang="en" lang="en">
 <head>
  <title>
</title>
<meta http-equiv="Content-Type" content="text/html;charset=utf-8" />
  <meta name='ocr-system' content='tesseract 3.04.00' />
  <meta name='ocr-capabilities' content='ocr_page ocr_carea ocr_par ocr_line ocrx_word'/>
</head>
<body>
  <div class='ocr_page' id='page_1' title='image "./deluciopatrensi00brgoog_0064.png"; bbox 0 0 2902 4702; ppageno 0'>
   <div class='ocr_carea' id='block_1_1' title="bbox 660 370 871 432">
    <p class='ocr_par' dir='ltr' id='par_1_1' title="bbox 660 370 871 432">
     <span class='ocr_line' id='line_1_1' title="bbox 660 370 871 432; baseline -0.009 -16"><span class='ocrx_word' id='word_1_1' title='bbox 660 370 871 432; x_wconf 70' lang='lat'>..51.„</span> 
     </span>
    </p>
   </div>
   <div class='ocr_carea' id='block_1_2' title="bbox 210 557 1436 642">
    <p class='ocr_par' dir='ltr' id='par_1_2' title="bbox 210 557 1436 642">
     <span class='ocr_line' id='line_1_2' title="bbox 210 557 1436 642; baseline -0.011 -15"><span class='ocrx_word' id='word_1_2' title='bbox 210 570 335 642; x_wconf 85' lang='grc'><strong>000019</strong></span> <span class='ocrx_word' id='word_1_3' title='bbox 358 583 422 625; x_wconf 92' lang='lat' dir='ltr'>cum</span> <span class='ocrx_word' id='word_1_4' title='bbox 449 563 589 631; x_wconf 84' lang='lat' dir='ltr'>,Luciani‘</span> <span class='ocrx_word' id='word_1_5' title='bbox 617 564 665 619; x_wconf 88' lang='grc'>41.</span> <span class='ocrx_word' id='word_1_6' title='bbox 705 559 795 634; x_wconf 87' lang='lat' dir='ltr'>Apud</span> <span class='ocrx_word' id='word_1_7' title='bbox 826 561 901 618; x_wconf 91' lang='lat' dir='ltr'>huno</span> <span class='ocrx_word' id='word_1_8' title='bbox 937 559 1033 618; x_wconf 87' lang='lat' dir='ltr'>omnia</span> <span class='ocrx_word' id='word_1_9' title='bbox 1064 574 1133 617; x_wconf 89' lang='lat' dir='ltr'>sano</span> <span class='ocrx_word' id='word_1_10' title='bbox 1161 557 1261 615; x_wconf 81' lang='lat' dir='ltr'><strong>ordine</strong></span> <span class='ocrx_word' id='word_1_11' title='bbox 1288 557 1325 615; x_wconf 92' lang='lat' dir='ltr'>ab</span> <span class='ocrx_word' id='word_1_12' title='bbox 1433 634 1436 641; x_wconf 23' lang='grc' dir='ltr'>Ι</span> 
     </span>
    </p>
   </div>
   <div class='ocr_carea' id='block_1_3' title="bbox 160 654 1341 3255">
    <p class='ocr_par' dir='ltr' id='par_1_3' title="bbox 208 654 1341 1990">
     <span class='ocr_line' id='line_1_3' title="bbox 208 654 1324 734; baseline -0.01 -11"><span class='ocrx_word' id='word_1_13' title='bbox 208 665 292 723; x_wconf 89' lang='grc'><strong>101110</strong></span> <span class='ocrx_word' id='word_1_14' title='bbox 313 679 402 734; x_wconf 91' lang='lat' dir='ltr'>usque</span> <span class='ocrx_word' id='word_1_15' title='bbox 423 659 566 719; x_wconf 91' lang='lat' dir='ltr'>adfinem</span> <span class='ocrx_word' id='word_1_16' title='bbox 587 658 718 732; x_wconf 90' lang='lat' dir='ltr'>exposita</span> <span class='ocrx_word' id='word_1_17' title='bbox 739 662 818 723; x_wconf 84' lang='lat' dir='ltr'>sunt,</span> <span class='ocrx_word' id='word_1_18' title='bbox 846 673 909 715; x_wconf 91' lang='lat' dir='ltr'>cum</span> <span class='ocrx_word' id='word_1_19' title='bbox 930 657 1053 729; x_wconf 91' lang='lat' dir='ltr'>primum</span> <span class='ocrx_word' id='word_1_20' title='bbox 1075 655 1174 714; x_wconf 80' lang='lat' dir='ltr'>Gallos</span> <span class='ocrx_word' id='word_1_21' title='bbox 1195 654 1324 726; x_wconf 91' lang='lat' dir='ltr'>phialam</span> 
     </span>
     <span class='ocr_line' id='line_1_4' title="bbox 212 751 1324 830; baseline -0.008 -12"><span class='ocrx_word' id='word_1_22' title='bbox 212 762 322 819; x_wconf 85' lang='lat' dir='ltr'>furatos</span> <span class='ocrx_word' id='word_1_23' title='bbox 357 775 419 818; x_wconf 89' lang='lat' dir='ltr'>esse</span> <span class='ocrx_word' id='word_1_24' title='bbox 449 771 635 830; x_wconf 83' lang='lat' dir='ltr'>paganosque</span> <span class='ocrx_word' id='word_1_25' title='bbox 666 771 714 813; x_wconf 91' lang='lat' dir='ltr'>eos</span> <span class='ocrx_word' id='word_1_26' title='bbox 746 760 913 826; x_wconf 87' lang='lat' dir='ltr'>persecutos</span> <span class='ocrx_word' id='word_1_27' title='bbox 942 753 1124 827; x_wconf 80' lang='lat' dir='ltr'>phialamque</span> <span class='ocrx_word' id='word_1_28' title='bbox 1154 751 1324 823; x_wconf 78' lang='lat' dir='ltr'>repetivisse</span> 
     </span>
     <span class='ocr_line' id='line_1_5' title="bbox 210 843 1327 924; baseline -0.009 -8"><span class='ocrx_word' id='word_1_29' title='bbox 210 862 358 916; x_wconf 87' lang='lat' dir='ltr'>narratum</span> <span class='ocrx_word' id='word_1_30' title='bbox 389 855 436 924; x_wconf 87' lang='lat' dir='ltr'>sit,</span> <span class='ocrx_word' id='word_1_31' title='bbox 468 853 572 911; x_wconf 88' lang='lat' dir='ltr'>deinde</span> <span class='ocrx_word' id='word_1_32' title='bbox 603 868 660 923; x_wconf 87' lang='lat' dir='ltr'>qua</span> <span class='ocrx_word' id='word_1_33' title='bbox 689 851 803 909; x_wconf 88' lang='lat' dir='ltr'>ratione</span> <span class='ocrx_word' id='word_1_34' title='bbox 820 843 907 910; x_wconf 80' lang='lat' dir='ltr'>&#39;Galli</span> <span class='ocrx_word' id='word_1_35' title='bbox 932 849 1003 908; x_wconf 85' lang='lat' dir='ltr'>furti</span> <span class='ocrx_word' id='word_1_36' title='bbox 1028 849 1151 908; x_wconf 87' lang='lat' dir='ltr'>convicti</span> <span class='ocrx_word' id='word_1_37' title='bbox 1177 854 1207 907; x_wconf 91' lang='lat' dir='ltr'>et</span> <span class='ocrx_word' id='word_1_38' title='bbox 1232 849 1327 922; x_wconf 92' lang='lat' dir='ltr'>puniti</span> 
     </span>
     <span class='ocr_line' id='line_1_6' title="bbox 212 946 1325 1024; baseline -0.007 -12"><span class='ocrx_word' id='word_1_39' title='bbox 212 959 317 1024; x_wconf 86' lang='lat' dir='ltr'>essent,</span> <span class='ocrx_word' id='word_1_40' title='bbox 340 952 494 1010; x_wconf 90' lang='lat' dir='ltr'>adiectum.</span> <span class='ocrx_word' id='word_1_41' title='bbox 534 948 643 1022; x_wconf 87' lang='lat' dir='ltr'>Apulei</span> <span class='ocrx_word' id='word_1_42' title='bbox 664 953 764 1005; x_wconf 90' lang='lat' dir='ltr'>contra</span> <span class='ocrx_word' id='word_1_43' title='bbox 785 949 914 1005; x_wconf 88' lang='lat' dir='ltr'>narratio</span> <span class='ocrx_word' id='word_1_44' title='bbox 936 949 1058 1006; x_wconf 89' lang='lat' dir='ltr'>obscura</span> <span class='ocrx_word' id='word_1_45' title='bbox 1079 951 1125 1004; x_wconf 90' lang='grc'>001</span> <span class='ocrx_word' id='word_1_46' title='bbox 1145 950 1176 1004; x_wconf 91' lang='grc'>01</span> <span class='ocrx_word' id='word_1_47' title='bbox 1196 946 1325 1017; x_wconf 85' lang='lat' dir='ltr'>confusa,</span> 
     </span>
     <span class='ocr_line' id='line_1_7' title="bbox 210 1044 1323 1122; baseline -0.007 -14"><span class='ocrx_word' id='word_1_48' title='bbox 210 1067 275 1108; x_wconf 92' lang='lat' dir='ltr'>cnm</span> <span class='ocrx_word' id='word_1_49' title='bbox 300 1049 422 1122; x_wconf 90' lang='lat' dir='ltr'>incipiat</span> <span class='ocrx_word' id='word_1_50' title='bbox 446 1065 465 1105; x_wconf 88' lang='lat' dir='ltr'>a</span> <span class='ocrx_word' id='word_1_51' title='bbox 491 1046 592 1104; x_wconf 88' lang='lat' dir='ltr'>mediis</span> <span class='ocrx_word' id='word_1_52' title='bbox 617 1047 715 1114; x_wconf 89' lang='lat' dir='ltr'>rebus,</span> <span class='ocrx_word' id='word_1_53' title='bbox 748 1045 860 1103; x_wconf 90' lang='grc'><strong>00111001</strong></span> <span class='ocrx_word' id='word_1_54' title='bbox 879 1044 952 1102; x_wconf 82' lang='lat' dir='ltr'>furti</span> <span class='ocrx_word' id='word_1_55' title='bbox 972 1044 1199 1112; x_wconf 82' lang='lat' dir='ltr'>insimulatione,</span> <span class='ocrx_word' id='word_1_56' title='bbox 1230 1058 1323 1114; x_wconf 92' lang='lat' dir='ltr'>neque</span> 
     </span>
     <span class='ocr_line' id='line_1_8' title="bbox 210 1140 1327 1216; baseline -0.004 -12"><span class='ocrx_word' id='word_1_57' title='bbox 210 1154 296 1205; x_wconf 90' lang='lat' dir='ltr'>autea</span> <span class='ocrx_word' id='word_1_58' title='bbox 322 1145 394 1202; x_wconf 89' lang='lat' dir='ltr'>furti</span> <span class='ocrx_word' id='word_1_59' title='bbox 414 1144 504 1216; x_wconf 91' lang='lat' dir='ltr'>ipsius</span> <span class='ocrx_word' id='word_1_60' title='bbox 529 1159 761 1215; x_wconf 86' lang='lat' dir='ltr'>paganorumque</span> <span class='ocrx_word' id='word_1_61' title='bbox 787 1143 996 1215; x_wconf 77' lang='lat' dir='ltr'>persecutionis</span> <span class='ocrx_word' id='word_1_62' title='bbox 1021 1141 1128 1199; x_wconf 91' lang='lat' dir='ltr'>mentio</span> <span class='ocrx_word' id='word_1_63' title='bbox 1149 1140 1327 1199; x_wconf 78' lang='lat' dir='ltr'>iniecta‘sit.</span> 
     </span>
     <span class='ocr_line' id='line_1_9' title="bbox 210 1237 1324 1314; baseline -0.006 -13"><span class='ocrx_word' id='word_1_64' title='bbox 210 1243 300 1301; x_wconf 87' lang='lat' dir='ltr'>Patet</span> <span class='ocrx_word' id='word_1_65' title='bbox 324 1243 413 1314; x_wconf 82' lang='lat' dir='ltr'>igitur</span> <span class='ocrx_word' id='word_1_66' title='bbox 434 1245 501 1314; x_wconf 89' lang='lat' dir='ltr'>post</span> <span class='ocrx_word' id='word_1_67' title='bbox 521 1241 657 1298; x_wconf 86' lang='lat' dir='ltr'>fabellam</span> <span class='ocrx_word' id='word_1_68' title='bbox 678 1240 811 1312; x_wconf 91' lang='lat' dir='ltr'>aliquam,</span> <span class='ocrx_word' id='word_1_69' title='bbox 834 1256 920 1311; x_wconf 91' lang='lat' dir='ltr'>quam</span> <span class='ocrx_word' id='word_1_70' title='bbox 940 1239 1080 1311; x_wconf 91' lang='lat' dir='ltr'>Apuleius</span> <span class='ocrx_word' id='word_1_71' title='bbox 1101 1238 1178 1295; x_wconf 89' lang='lat' dir='ltr'>solus</span> <span class='ocrx_word' id='word_1_72' title='bbox 1199 1237 1324 1302; x_wconf 84' lang='lat' dir='ltr'>exhibet,</span> 
     </span>
     <span class='ocr_line' id='line_1_10' title="bbox 211 1334 1323 1412; baseline -0.006 -15"><span class='ocrx_word' id='word_1_73' title='bbox 211 1341 359 1412; x_wconf 88' lang='lat' dir='ltr'>proximae</span> <span class='ocrx_word' id='word_1_74' title='bbox 385 1337 560 1396; x_wconf 88' lang='lat' dir='ltr'>narrationis</span> <span class='ocrx_word' id='word_1_75' title='bbox 585 1337 698 1394; x_wconf 90' lang='lat' dir='ltr'>initium</span> <span class='ocrx_word' id='word_1_76' title='bbox 723 1337 759 1395; x_wconf 91' lang='lat' dir='ltr'>ab</span> <span class='ocrx_word' id='word_1_77' title='bbox 785 1337 975 1394; x_wconf 87' lang='lat' dir='ltr'>conmissum</span> <span class='ocrx_word' id='word_1_78' title='bbox 1001 1351 1063 1393; x_wconf 90' lang='lat' dir='ltr'>esse</span> <span class='ocrx_word' id='word_1_79' title='bbox 1085 1339 1114 1392; x_wconf 93' lang='lat' dir='ltr'>et</span> <span class='ocrx_word' id='word_1_80' title='bbox 1134 1351 1153 1391; x_wconf 87' lang='lat' dir='ltr'>a</span> <span class='ocrx_word' id='word_1_81' title='bbox 1175 1334 1323 1403; x_wconf 90' lang='lat' dir='ltr'>‚Luoiano‘</span> 
     </span>
     <span class='ocr_line' id='line_1_11' title="bbox 210 1431 1324 1506; baseline -0.005 -12"><span class='ocrx_word' id='word_1_82' title='bbox 210 1438 271 1494; x_wconf 91' lang='lat' dir='ltr'>solo</span> <span class='ocrx_word' id='word_1_83' title='bbox 303 1441 383 1493; x_wconf 92' lang='lat' dir='ltr'>recte</span> <span class='ocrx_word' id='word_1_84' title='bbox 413 1439 565 1493; x_wconf 86' lang='lat' dir='ltr'>serratum.</span> <span class='ocrx_word' id='word_1_85' title='bbox 608 1431 696 1492; x_wconf 81' lang='lat' dir='ltr'>Cuius</span> <span class='ocrx_word' id='word_1_86' title='bbox 731 1436 775 1491; x_wconf 88' lang='lat' dir='ltr'>rei</span> <span class='ocrx_word' id='word_1_87' title='bbox 805 1434 967 1506; x_wconf 91' lang='lat' dir='ltr'>exemplum</span> <span class='ocrx_word' id='word_1_88' title='bbox 998 1433 1121 1489; x_wconf 88' lang='lat' dir='ltr'>alterum</span> <span class='ocrx_word' id='word_1_89' title='bbox 1154 1431 1212 1488; x_wconf 92' lang='lat' dir='ltr'>iam</span> <span class='ocrx_word' id='word_1_90' title='bbox 1237 1448 1324 1503; x_wconf 87' lang='lat' dir='ltr'>supra</span> 
     </span>
     <span class='ocr_line' id='line_1_12' title="bbox 211 1530 1322 1607; baseline -0.007 -15"><span class='ocrx_word' id='word_1_91' title='bbox 211 1534 463 1607; x_wconf 85' lang='lat' dir='ltr'>deprehendimus,</span> <span class='ocrx_word' id='word_1_92' title='bbox 486 1537 635 1605; x_wconf 91' lang='lat' dir='ltr'>cumpost</span> <span class='ocrx_word' id='word_1_93' title='bbox 660 1531 790 1605; x_wconf 82' lang='lat' dir='ltr'>Psychae</span> <span class='ocrx_word' id='word_1_94' title='bbox 814 1530 941 1589; x_wconf 84' lang='lat' dir='ltr'>fabulam</span> <span class='ocrx_word' id='word_1_95' title='bbox 968 1531 1106 1589; x_wconf 89' lang='lat' dir='ltr'>insertam</span> <span class='ocrx_word' id='word_1_96' title='bbox 1126 1531 1322 1600; x_wconf 87' lang='lat' dir='ltr'>insequentem</span> 
     </span>
     <span class='ocr_line' id='line_1_13' title="bbox 209 1624 1341 1703; baseline -0.007 -14"><span class='ocrx_word' id='word_1_97' title='bbox 209 1632 406 1689; x_wconf 88' lang='lat' dir='ltr'>narrationem</span> <span class='ocrx_word' id='word_1_98' title='bbox 436 1628 580 1702; x_wconf 87' lang='lat' dir='ltr'>Apuleius</span> <span class='ocrx_word' id='word_1_99' title='bbox 610 1629 757 1687; x_wconf 90' lang='lat' dir='ltr'>mutilasse</span> <span class='ocrx_word' id='word_1_100' title='bbox 787 1628 866 1686; x_wconf 88' lang='lat' dir='ltr'>visus</span> <span class='ocrx_word' id='word_1_101' title='bbox 902 1629 941 1685; x_wconf 93' lang='lat' dir='ltr'>sit</span> <span class='ocrx_word' id='word_1_102' title='bbox 975 1627 1025 1703; x_wconf 89' lang='lat' dir='ltr'>(cf.</span> <span class='ocrx_word' id='word_1_103' title='bbox 1057 1644 1086 1699; x_wconf 89' lang='grc'>0.</span> <span class='ocrx_word' id='word_1_104' title='bbox 1117 1626 1178 1700; x_wconf 89' lang='grc'>40).</span> <span class='ocrx_word' id='word_1_105' title='bbox 1225 1624 1341 1696; x_wconf 85' lang='lat' dir='ltr'>Atque</span> 
     </span>
     <span class='ocr_line' id='line_1_14' title="bbox 215 1723 1323 1799; baseline -0.007 -13"><span class='ocrx_word' id='word_1_106' title='bbox 215 1733 249 1786; x_wconf 92' lang='grc'>01</span> <span class='ocrx_word' id='word_1_107' title='bbox 268 1729 298 1785; x_wconf 89' lang='grc'>10</span> <span class='ocrx_word' id='word_1_108' title='bbox 319 1729 380 1798; x_wconf 89' lang='grc'><strong>1110,</strong></span> <span class='ocrx_word' id='word_1_109' title='bbox 402 1727 444 1785; x_wconf 88' lang='grc'>010</span> <span class='ocrx_word' id='word_1_110' title='bbox 464 1728 511 1784; x_wconf 90' lang='lat' dir='ltr'>hic</span> <span class='ocrx_word' id='word_1_111' title='bbox 533 1743 644 1799; x_wconf 90' lang='lat' dir='ltr'>quoque</span> <span class='ocrx_word' id='word_1_112' title='bbox 664 1743 722 1783; x_wconf 93' lang='lat' dir='ltr'>non</span> <span class='ocrx_word' id='word_1_113' title='bbox 735 1725 822 1783; x_wconf 90' lang='lat' dir='ltr'>aliter</span> <span class='ocrx_word' id='word_1_114' title='bbox 842 1725 877 1782; x_wconf 90' lang='lat' dir='ltr'>de</span> <span class='ocrx_word' id='word_1_115' title='bbox 898 1724 953 1782; x_wconf 93' lang='lat' dir='ltr'>hac</span> <span class='ocrx_word' id='word_1_116' title='bbox 967 1741 999 1781; x_wconf 91' lang='lat' dir='ltr'>re</span> <span class='ocrx_word' id='word_1_117' title='bbox 1013 1724 1142 1781; x_wconf 88' lang='lat' dir='ltr'>indicare</span> <span class='ocrx_word' id='word_1_118' title='bbox 1155 1723 1323 1794; x_wconf 87' lang='lat' dir='ltr'>poterimus,</span> 
     </span>
     <span class='ocr_line' id='line_1_15' title="bbox 212 1812 1326 1893; baseline -0.005 -12"><span class='ocrx_word' id='word_1_119' title='bbox 212 1826 269 1882; x_wconf 91' lang='lat' dir='ltr'>nisi</span> <span class='ocrx_word' id='word_1_120' title='bbox 300 1841 335 1883; x_wconf 91' lang='lat' dir='ltr'>ea</span> <span class='ocrx_word' id='word_1_121' title='bbox 365 1826 400 1882; x_wconf 91' lang='lat' dir='ltr'>de</span> <span class='ocrx_word' id='word_1_122' title='bbox 422 1840 509 1881; x_wconf 90' lang='lat' dir='ltr'>causa</span> <span class='ocrx_word' id='word_1_123' title='bbox 530 1812 594 1881; x_wconf 85' lang='lat' dir='ltr'>enm</span> <span class='ocrx_word' id='word_1_124' title='bbox 614 1823 687 1881; x_wconf 92' lang='lat' dir='ltr'>illud</span> <span class='ocrx_word' id='word_1_125' title='bbox 707 1823 791 1880; x_wconf 93' lang='lat' dir='ltr'>Lucii</span> <span class='ocrx_word' id='word_1_126' title='bbox 811 1821 959 1879; x_wconf 85' lang='lat' dir='ltr'>exordium</span> <span class='ocrx_word' id='word_1_127' title='bbox 980 1821 1223 1893; x_wconf 84' lang='lat' dir='ltr'>praetermisisse,</span> <span class='ocrx_word' id='word_1_128' title='bbox 1251 1818 1326 1889; x_wconf 89' lang='lat' dir='ltr'>qnod</span> 
     </span>
     <span class='ocr_line' id='line_1_16' title="bbox 214 1920 969 1990; baseline 0 -12"><span class='ocrx_word' id='word_1_129' title='bbox 214 1922 301 1979; x_wconf 87' lang='lat' dir='ltr'>aliam</span> <span class='ocrx_word' id='word_1_130' title='bbox 322 1920 448 1978; x_wconf 85' lang='lat' dir='ltr'>fabulam</span> <span class='ocrx_word' id='word_1_131' title='bbox 474 1921 510 1979; x_wconf 90' lang='lat' dir='ltr'>ab</span> <span class='ocrx_word' id='word_1_132' title='bbox 531 1922 582 1978; x_wconf 94' lang='lat' dir='ltr'>illo</span> <span class='ocrx_word' id='word_1_133' title='bbox 604 1920 727 1979; x_wconf 87' lang='lat' dir='ltr'>alienam</span> <span class='ocrx_word' id='word_1_134' title='bbox 747 1920 969 1990; x_wconf 88' lang='lat' dir='ltr'>anteposuisset.</span> 
     </span>
    </p>

    <p class='ocr_par' dir='ltr' id='par_1_4' title="bbox 160 2016 1329 2866">
     <span class='ocr_line' id='line_1_17' title="bbox 292 2016 1327 2090; baseline -0.006 -14"><span class='ocrx_word' id='word_1_135' title='bbox 292 2021 416 2078; x_wconf 83' lang='lat' dir='ltr'>Restant</span> <span class='ocrx_word' id='word_1_136' title='bbox 435 2019 507 2090; x_wconf 91' lang='lat' dir='ltr'>iam,</span> <span class='ocrx_word' id='word_1_137' title='bbox 529 2023 562 2076; x_wconf 95' lang='lat' dir='ltr'>nt</span> <span class='ocrx_word' id='word_1_138' title='bbox 582 2022 645 2075; x_wconf 91' lang='lat' dir='ltr'>tota</span> <span class='ocrx_word' id='word_1_139' title='bbox 665 2017 765 2075; x_wconf 82' lang='lat' dir='ltr'>fabula</span> <span class='ocrx_word' id='word_1_140' title='bbox 784 2020 994 2089; x_wconf 87' lang='lat' dir='ltr'>pertractetur,</span> <span class='ocrx_word' id='word_1_141' title='bbox 1020 2033 1055 2074; x_wconf 90' lang='lat' dir='ltr'>ea</span> <span class='ocrx_word' id='word_1_142' title='bbox 1077 2016 1153 2088; x_wconf 90' lang='lat' dir='ltr'>sola,</span> <span class='ocrx_word' id='word_1_143' title='bbox 1182 2031 1255 2086; x_wconf 91' lang='lat' dir='ltr'>quae</span> <span class='ocrx_word' id='word_1_144' title='bbox 1283 2029 1327 2070; x_wconf 89' lang='lat' dir='ltr'>se-</span> 
     </span>
     <span class='ocr_line' id='line_1_18' title="bbox 214 2111 1328 2188; baseline -0.006 -14"><span class='ocrx_word' id='word_1_145' title='bbox 214 2123 340 2188; x_wconf 91' lang='lat' dir='ltr'>quuntur</span> <span class='ocrx_word' id='word_1_146' title='bbox 364 2121 430 2188; x_wconf 91' lang='grc'><strong>0001</strong></span> <span class='ocrx_word' id='word_1_147' title='bbox 451 2116 533 2173; x_wconf 85' lang='lat' dir='ltr'>Asini</span> <span class='ocrx_word' id='word_1_148' title='bbox 561 2120 648 2187; x_wconf 90' lang='grc'><strong>00001</strong></span> <span class='ocrx_word' id='word_1_149' title='bbox 668 2116 714 2174; x_wconf 85' lang='grc'>45.</span> <span class='ocrx_word' id='word_1_150' title='bbox 750 2114 849 2186; x_wconf 89' lang='lat' dir='ltr'>Atque</span> <span class='ocrx_word' id='word_1_151' title='bbox 869 2115 1002 2187; x_wconf 88' lang='lat' dir='ltr'>proxima</span> <span class='ocrx_word' id='word_1_152' title='bbox 1022 2130 1111 2185; x_wconf 89' lang='lat' dir='ltr'>nsque</span> <span class='ocrx_word' id='word_1_153' title='bbox 1133 2112 1170 2170; x_wconf 95' lang='lat' dir='ltr'>ad</span> <span class='ocrx_word' id='word_1_154' title='bbox 1190 2111 1263 2170; x_wconf 90' lang='lat' dir='ltr'>asini</span> <span class='ocrx_word' id='word_1_155' title='bbox 1283 2126 1328 2167; x_wconf 89' lang='lat' dir='ltr'>re·</span> 
     </span>
     <span class='ocr_line' id='line_1_19' title="bbox 212 2208 1325 2285; baseline -0.006 -14"><span class='ocrx_word' id='word_1_156' title='bbox 212 2213 413 2271; x_wconf 83' lang='lat' dir='ltr'>formationem</span> <span class='ocrx_word' id='word_1_157' title='bbox 434 2212 470 2271; x_wconf 92' lang='lat' dir='ltr'>ah</span> <span class='ocrx_word' id='word_1_158' title='bbox 490 2217 610 2283; x_wconf 90' lang='lat' dir='ltr'>utraque</span> <span class='ocrx_word' id='word_1_159' title='bbox 631 2213 772 2285; x_wconf 82' lang='lat' dir='ltr'>scriptore</span> <span class='ocrx_word' id='word_1_160' title='bbox 794 2213 938 2270; x_wconf 91' lang='lat' dir='ltr'>simillime</span> <span class='ocrx_word' id='word_1_161' title='bbox 958 2216 1078 2269; x_wconf 87' lang='lat' dir='ltr'>narrata</span> <span class='ocrx_word' id='word_1_162' title='bbox 1091 2216 1165 2269; x_wconf 88' lang='grc'><strong>0001.</strong></span> <span class='ocrx_word' id='word_1_163' title='bbox 1199 2208 1325 2267; x_wconf 86' lang='lat' dir='ltr'>Inseruit</span> 
     </span>
     <span class='ocr_line' id='line_1_20' title="bbox 216 2306 1328 2382; baseline -0.004 -15"><span class='ocrx_word' id='word_1_164' title='bbox 216 2328 315 2368; x_wconf 87' lang='lat' dir='ltr'>rursus</span> <span class='ocrx_word' id='word_1_165' title='bbox 336 2310 475 2382; x_wconf 87' lang='lat' dir='ltr'>Apuleius</span> <span class='ocrx_word' id='word_1_166' title='bbox 496 2310 568 2368; x_wconf 89' lang='lat' dir='ltr'>duas</span> <span class='ocrx_word' id='word_1_167' title='bbox 587 2309 708 2368; x_wconf 86' lang='lat' dir='ltr'>fabellas</span> <span class='ocrx_word' id='word_1_168' title='bbox 729 2311 757 2368; x_wconf 88' lang='lat' dir='ltr'>X</span> <span class='ocrx_word' id='word_1_169' title='bbox 772 2311 869 2368; x_wconf 78' lang='lat'><strong>2-13</strong></span> <span class='ocrx_word' id='word_1_170' title='bbox 892 2317 922 2368; x_wconf 92' lang='lat' dir='ltr'>et</span> <span class='ocrx_word' id='word_1_171' title='bbox 943 2311 1061 2368; x_wconf 79' lang='lat'><strong>22-28</strong></span> <span class='ocrx_word' id='word_1_172' title='bbox 1083 2325 1147 2366; x_wconf 91' lang='grc'>000</span> <span class='ocrx_word' id='word_1_173' title='bbox 1161 2308 1235 2366; x_wconf 88' lang='grc'><strong>00101</strong></span> <span class='ocrx_word' id='word_1_174' title='bbox 1256 2306 1328 2363; x_wconf 88' lang='lat' dir='ltr'>casi-</span> 
     </span>
     <span class='ocr_line' id='line_1_21' title="bbox 216 2403 1327 2480; baseline -0.006 -15"><span class='ocrx_word' id='word_1_175' title='bbox 216 2408 268 2465; x_wconf 89' lang='lat' dir='ltr'>bus</span> <span class='ocrx_word' id='word_1_176' title='bbox 288 2425 345 2465; x_wconf 92' lang='lat' dir='ltr'>non</span> <span class='ocrx_word' id='word_1_177' title='bbox 366 2408 552 2466; x_wconf 89' lang='lat' dir='ltr'>cohaerentes</span> <span class='ocrx_word' id='word_1_178' title='bbox 573 2414 602 2465; x_wconf 90' lang='grc'>01</span> <span class='ocrx_word' id='word_1_179' title='bbox 622 2413 791 2478; x_wconf 84' lang='lat' dir='ltr'>argumento</span> <span class='ocrx_word' id='word_1_180' title='bbox 805 2407 866 2480; x_wconf 90' lang='grc'><strong>1011,</strong></span> <span class='ocrx_word' id='word_1_181' title='bbox 889 2412 922 2464; x_wconf 91' lang='grc'>01</span> <span class='ocrx_word' id='word_1_182' title='bbox 936 2407 971 2464; x_wconf 93' lang='lat' dir='ltr'>de</span> <span class='ocrx_word' id='word_1_183' title='bbox 985 2407 1124 2464; x_wconf 89' lang='lat' dir='ltr'>ambabus</span> <span class='ocrx_word' id='word_1_184' title='bbox 1137 2409 1216 2462; x_wconf 86' lang='lat' dir='ltr'>recte</span> <span class='ocrx_word' id='word_1_185' title='bbox 1231 2403 1327 2460; x_wconf 89' lang='lat' dir='ltr'>dicere</span> 
     </span>
     <span class='ocr_line' id='line_1_22' title="bbox 213 2490 1329 2577; baseline -0.007 -14"><span class='ocrx_word' id='word_1_186' title='bbox 213 2505 343 2577; x_wconf 91' lang='lat' dir='ltr'>potuerit</span> <span class='ocrx_word' id='word_1_187' title='bbox 369 2505 521 2577; x_wconf 91' lang='lat' dir='ltr'>Apuleius,</span> <span class='ocrx_word' id='word_1_188' title='bbox 549 2503 624 2575; x_wconf 93' lang='lat' dir='ltr'>quod</span> <span class='ocrx_word' id='word_1_189' title='bbox 649 2505 735 2561; x_wconf 85' lang='lat' dir='ltr'>alteri</span> <span class='ocrx_word' id='word_1_190' title='bbox 760 2490 910 2576; x_wconf 79' lang='lat' dir='ltr'>praemisit</span> <span class='ocrx_word' id='word_1_191' title='bbox 930 2505 958 2560; x_wconf 87' lang='lat' dir='ltr'>X</span> <span class='ocrx_word' id='word_1_192' title='bbox 979 2504 997 2561; x_wconf 78' lang='grc'>2</span> <span class='ocrx_word' id='word_1_193' title='bbox 1022 2503 1097 2572; x_wconf 83' lang='grc'><strong>,100</strong></span> <span class='ocrx_word' id='word_1_194' title='bbox 1121 2516 1204 2573; x_wconf 85' lang='lat' dir='ltr'>ergo,</span> <span class='ocrx_word' id='word_1_195' title='bbox 1237 2500 1329 2557; x_wconf 90' lang='lat' dir='ltr'>lector</span> 
     </span>
     <span class='ocr_line' id='line_1_23' title="bbox 216 2596 1328 2673; baseline -0.004 -15"><span class='ocrx_word' id='word_1_196' title='bbox 216 2601 340 2672; x_wconf 91' lang='lat' dir='ltr'>optime,</span> <span class='ocrx_word' id='word_1_197' title='bbox 371 2602 443 2658; x_wconf 90' lang='lat' dir='ltr'>scito</span> <span class='ocrx_word' id='word_1_198' title='bbox 472 2605 502 2659; x_wconf 91' lang='grc'>10</span> <span class='ocrx_word' id='word_1_199' title='bbox 526 2597 706 2673; x_wconf 78' lang='lat' dir='ltr'>tragoediam</span> <span class='ocrx_word' id='word_1_200' title='bbox 731 2618 788 2659; x_wconf 94' lang='lat' dir='ltr'>non</span> <span class='ocrx_word' id='word_1_201' title='bbox 813 2600 941 2658; x_wconf 83' lang='lat' dir='ltr'>fabulam</span> <span class='ocrx_word' id='word_1_202' title='bbox 968 2601 1067 2672; x_wconf 80' lang='lat' dir='ltr'>legere</span> <span class='ocrx_word' id='word_1_203' title='bbox 1092 2604 1123 2657; x_wconf 89' lang='lat' dir='ltr'>et</span> <span class='ocrx_word' id='word_1_204' title='bbox 1148 2615 1166 2656; x_wconf 91' lang='lat' dir='ltr'>a</span> <span class='ocrx_word' id='word_1_205' title='bbox 1187 2613 1269 2655; x_wconf 92' lang='lat' dir='ltr'>socco</span> <span class='ocrx_word' id='word_1_206' title='bbox 1290 2596 1328 2654; x_wconf 92' lang='lat' dir='ltr'>ad</span> 
     </span>
     <span class='ocr_line' id='line_1_24' title="bbox 216 2693 1324 2770; baseline -0.004 -16"><span class='ocrx_word' id='word_1_207' title='bbox 216 2698 386 2754; x_wconf 86' lang='lat' dir='ltr'>cothurnum</span> <span class='ocrx_word' id='word_1_208' title='bbox 417 2697 597 2756; x_wconf 88' lang='lat' dir='ltr'>ascendere.“</span> <span class='ocrx_word' id='word_1_209' title='bbox 641 2698 735 2768; x_wconf 78' lang='lat' dir='ltr'>Quare</span> <span class='ocrx_word' id='word_1_210' title='bbox 760 2713 818 2755; x_wconf 92' lang='lat' dir='ltr'>non</span> <span class='ocrx_word' id='word_1_211' title='bbox 838 2703 935 2770; x_wconf 90' lang='lat' dir='ltr'>potest</span> <span class='ocrx_word' id='word_1_212' title='bbox 955 2697 1095 2764; x_wconf 88' lang='lat' dir='ltr'>dubitari,</span> <span class='ocrx_word' id='word_1_213' title='bbox 1128 2695 1196 2767; x_wconf 91' lang='lat' dir='ltr'>quin</span> <span class='ocrx_word' id='word_1_214' title='bbox 1222 2693 1324 2753; x_wconf 89' lang='lat' dir='ltr'>ambae</span> 
     </span>
     <span class='ocr_line' id='line_1_25' title="bbox 160 2792 635 2866; baseline 0.004 -17"><span class='ocrx_word' id='word_1_215' title='bbox 160 2819 162 2823; x_wconf 80' lang='lat'><em>.</em></span> <span class='ocrx_word' id='word_1_216' title='bbox 218 2794 254 2850; x_wconf 88' lang='lat' dir='ltr'>ab</span> <span class='ocrx_word' id='word_1_217' title='bbox 268 2792 396 2866; x_wconf 90' lang='lat' dir='ltr'>Apuleio</span> <span class='ocrx_word' id='word_1_218' title='bbox 418 2794 549 2852; x_wconf 90' lang='lat' dir='ltr'>adiectae</span> <span class='ocrx_word' id='word_1_219' title='bbox 570 2795 635 2852; x_wconf 92' lang='lat' dir='ltr'>sint.</span> 
     </span>
    </p>

    <p class='ocr_par' dir='ltr' id='par_1_5' title="bbox 214 2888 1330 3255">
     <span class='ocr_line' id='line_1_26' title="bbox 297 2888 1329 2975; baseline -0.004 -28"><span class='ocrx_word' id='word_1_220' title='bbox 297 2890 444 2960; x_wconf 78' lang='lat' dir='ltr'>Quomodo</span> <span class='ocrx_word' id='word_1_221' title='bbox 466 2891 574 2949; x_wconf 90' lang='lat' dir='ltr'>Lucius</span> <span class='ocrx_word' id='word_1_222' title='bbox 594 2891 768 2949; x_wconf 82' lang='lat' dir='ltr'>reformatus</span> <span class='ocrx_word' id='word_1_223' title='bbox 788 2892 841 2962; x_wconf 89' lang='lat' dir='ltr'>sit,</span> <span class='ocrx_word' id='word_1_224' title='bbox 862 2891 987 2962; x_wconf 91' lang='lat' dir='ltr'>quidque</span> <span class='ocrx_word' id='word_1_225' title='bbox 1008 2896 1074 2963; x_wconf 91' lang='lat' dir='ltr'>post</span> <span class='ocrx_word' id='word_1_226' title='bbox 1091 2888 1329 2975; x_wconf 81' lang='lat' dir='ltr'>reformationem</span> 
     </span>
     <span class='ocr_line' id='line_1_27' title="bbox 214 2985 1329 3061; baseline -0.002 -17"><span class='ocrx_word' id='word_1_227' title='bbox 214 2987 336 3060; x_wconf 83' lang='lat' dir='ltr'>gesserit</span> <span class='ocrx_word' id='word_1_228' title='bbox 367 2987 531 3059; x_wconf 84' lang='lat' dir='ltr'>,Lucienus‘</span> <span class='ocrx_word' id='word_1_229' title='bbox 563 2989 756 3061; x_wconf 87' lang='lat' dir='ltr'>Apuleinsque</span> <span class='ocrx_word' id='word_1_230' title='bbox 798 2989 990 3049; x_wconf 86' lang='lat' dir='ltr'>diversissime</span> <span class='ocrx_word' id='word_1_231' title='bbox 1037 2988 1212 3046; x_wconf 89' lang='lat' dir='ltr'>describunt.</span> <span class='ocrx_word' id='word_1_232' title='bbox 1274 2985 1329 3043; x_wconf 90' lang='grc' dir='ltr'>Π10</span> 
     </span>
     <span class='ocr_line' id='line_1_28' title="bbox 216 3082 1330 3144; baseline -0.004 -2"><span class='ocrx_word' id='word_1_233' title='bbox 216 3085 291 3142; x_wconf 89' lang='grc'><strong>0010</strong></span> <span class='ocrx_word' id='word_1_234' title='bbox 304 3090 407 3142; x_wconf 84' lang='lat' dir='ltr'>namet</span> <span class='ocrx_word' id='word_1_235' title='bbox 426 3085 536 3142; x_wconf 89' lang='lat' dir='ltr'>asinum</span> <span class='ocrx_word' id='word_1_236' title='bbox 550 3085 581 3143; x_wconf 92' lang='lat' dir='ltr'>in</span> <span class='ocrx_word' id='word_1_237' title='bbox 594 3085 708 3144; x_wconf 89' lang='lat' dir='ltr'>theatro</span> <span class='ocrx_word' id='word_1_238' title='bbox 723 3102 788 3143; x_wconf 93' lang='lat' dir='ltr'>cum</span> <span class='ocrx_word' id='word_1_239' title='bbox 801 3087 920 3144; x_wconf 89' lang='lat' dir='ltr'>muliere</span> <span class='ocrx_word' id='word_1_240' title='bbox 938 3086 1073 3144; x_wconf 88' lang='lat' dir='ltr'>damnata</span> <span class='ocrx_word' id='word_1_241' title='bbox 1092 3085 1233 3142; x_wconf 81' lang='lat' dir='ltr'>sciturum</span> <span class='ocrx_word' id='word_1_242' title='bbox 1253 3082 1330 3140; x_wconf 92' lang='lat' dir='ltr'>inter</span> 
     </span>
     <span class='ocr_line' id='line_1_29' title="bbox 215 3180 1326 3255; baseline 0 -17"><span class='ocrx_word' id='word_1_243' title='bbox 215 3180 315 3239; x_wconf 88' lang='lat' dir='ltr'>florum</span> <span class='ocrx_word' id='word_1_244' title='bbox 336 3182 441 3240; x_wconf 87' lang='lat' dir='ltr'>decora</span> <span class='ocrx_word' id='word_1_245' title='bbox 462 3199 541 3242; x_wconf 89' lang='lat' dir='ltr'>rosas</span> <span class='ocrx_word' id='word_1_246' title='bbox 556 3183 794 3242; x_wconf 87' lang='lat' dir='ltr'>animadvertisse</span> <span class='ocrx_word' id='word_1_247' title='bbox 815 3184 929 3254; x_wconf 89' lang='lat' dir='ltr'>illisque</span> <span class='ocrx_word' id='word_1_248' title='bbox 951 3183 1051 3242; x_wconf 90' lang='lat' dir='ltr'>statim</span> <span class='ocrx_word' id='word_1_249' title='bbox 1065 3183 1193 3255; x_wconf 90' lang='lat' dir='ltr'>depastis</span> <span class='ocrx_word' id='word_1_250' title='bbox 1214 3181 1282 3239; x_wconf 90' lang='lat' dir='ltr'>ilico</span> <span class='ocrx_word' id='word_1_251' title='bbox 1297 3180 1326 3237; x_wconf 92' lang='lat' dir='ltr'>in</span> 
     </span>
    </p>
   </div>
   <div class='ocr_carea' id='block_1_4' title="bbox 118 3277 1329 3353">
    <p class='ocr_par' dir='ltr' id='par_1_6' title="bbox 118 3277 1329 3353">
     <span class='ocr_line' id='line_1_30' title="bbox 118 3277 1329 3353; baseline -0.002 -18"><span class='ocrx_word' id='word_1_252' title='bbox 118 3288 121 3294; x_wconf 70' lang='lat'>‘</span> <span class='ocrx_word' id='word_1_253' title='bbox 215 3278 342 3349; x_wconf 88' lang='lat' dir='ltr'>priorem</span> <span class='ocrx_word' id='word_1_254' title='bbox 364 3280 486 3338; x_wconf 88' lang='lat' dir='ltr'>Lucium</span> <span class='ocrx_word' id='word_1_255' title='bbox 508 3281 744 3339; x_wconf 85' lang='lat' dir='ltr'>transformatum</span> <span class='ocrx_word' id='word_1_256' title='bbox 766 3297 836 3341; x_wconf 90' lang='lat' dir='ltr'>esse.</span> <span class='ocrx_word' id='word_1_257' title='bbox 878 3281 1005 3353; x_wconf 82' lang='lat' dir='ltr'>Cumque</span> <span class='ocrx_word' id='word_1_258' title='bbox 1030 3284 1207 3352; x_wconf 88' lang='lat' dir='ltr'>spectatores</span> <span class='ocrx_word' id='word_1_259' title='bbox 1231 3277 1329 3335; x_wconf 89' lang='lat' dir='ltr'>haesi-</span> 
     </span>
    </p>
   </div>
   <div class='ocr_carea' id='block_1_5' title="bbox 141 3377 1328 4031">
    <p class='ocr_par' dir='ltr' id='par_1_7' title="bbox 141 3377 1328 4031">
     <span class='ocr_line' id='line_1_31' title="bbox 214 3377 1328 3450; baseline -0.001 -18"><span class='ocrx_word' id='word_1_260' title='bbox 214 3380 338 3442; x_wconf 89' lang='lat' dir='ltr'>tassent,</span> <span class='ocrx_word' id='word_1_261' title='bbox 365 3381 461 3434; x_wconf 90' lang='lat' dir='ltr'>utrum</span> <span class='ocrx_word' id='word_1_262' title='bbox 486 3394 549 3436; x_wconf 89' lang='lat' dir='ltr'>eum</span> <span class='ocrx_word' id='word_1_263' title='bbox 575 3383 608 3436; x_wconf 92' lang='grc'>01</span> <span class='ocrx_word' id='word_1_264' title='bbox 628 3394 744 3450; x_wconf 86' lang='lat' dir='ltr'>magum</span> <span class='ocrx_word' id='word_1_265' title='bbox 765 3383 795 3436; x_wconf 89' lang='lat' dir='ltr'>et</span> <span class='ocrx_word' id='word_1_266' title='bbox 814 3377 972 3436; x_wconf 87' lang='lat' dir='ltr'>veneficum</span> <span class='ocrx_word' id='word_1_267' title='bbox 998 3378 1096 3435; x_wconf 88' lang='lat' dir='ltr'>statim</span> <span class='ocrx_word' id='word_1_268' title='bbox 1124 3377 1328 3434; x_wconf 85' lang='lat' dir='ltr'>comburerent</span> 
     </span>
     <span class='ocr_line' id='line_1_32' title="bbox 141 3473 1328 3548; baseline 0 -20"><span class='ocrx_word' id='word_1_269' title='bbox 141 3527 151 3545; x_wconf 77' lang='grc'><strong>,</strong></span> <span class='ocrx_word' id='word_1_270' title='bbox 214 3488 252 3528; x_wconf 90' lang='lat' dir='ltr'>an</span> <span class='ocrx_word' id='word_1_271' title='bbox 278 3478 491 3546; x_wconf 85' lang='lat' dir='ltr'>exspectarent,</span> <span class='ocrx_word' id='word_1_272' title='bbox 519 3475 585 3546; x_wconf 91' lang='lat' dir='ltr'>quid</span> <span class='ocrx_word' id='word_1_273' title='bbox 610 3474 646 3533; x_wconf 92' lang='lat' dir='ltr'>dc</span> <span class='ocrx_word' id='word_1_274' title='bbox 666 3476 721 3533; x_wconf 85' lang='lat' dir='ltr'>hac</span> <span class='ocrx_word' id='word_1_275' title='bbox 741 3475 815 3533; x_wconf 91' lang='lat' dir='ltr'>mira</span> <span class='ocrx_word' id='word_1_276' title='bbox 840 3475 1094 3534; x_wconf 82' lang='lat' dir='ltr'>transformatione</span> <span class='ocrx_word' id='word_1_277' title='bbox 1114 3475 1178 3548; x_wconf 89' lang='lat' dir='ltr'>ipse</span> <span class='ocrx_word' id='word_1_278' title='bbox 1199 3473 1328 3530; x_wconf 89' lang='lat' dir='ltr'>dicturus</span> 
     </span>
     <span class='ocr_line' id='line_1_33' title="bbox 214 3569 1327 3645; baseline 0.002 -21"><span class='ocrx_word' id='word_1_279' title='bbox 214 3573 299 3638; x_wconf 89' lang='lat' dir='ltr'>esset,</span> <span class='ocrx_word' id='word_1_280' title='bbox 321 3569 443 3626; x_wconf 89' lang='lat' dir='ltr'>Lucium</span> <span class='ocrx_word' id='word_1_281' title='bbox 463 3585 482 3627; x_wconf 93' lang='lat' dir='ltr'>a</span> <span class='ocrx_word' id='word_1_282' title='bbox 495 3572 635 3644; x_wconf 89' lang='lat' dir='ltr'>praeside,</span> <span class='ocrx_word' id='word_1_283' title='bbox 657 3573 708 3642; x_wconf 91' lang='lat' dir='ltr'>qui</span> <span class='ocrx_word' id='word_1_284' title='bbox 721 3573 825 3645; x_wconf 89' lang='lat' dir='ltr'>hospes</span> <span class='ocrx_word' id='word_1_285' title='bbox 840 3573 901 3631; x_wconf 89' lang='grc'><strong>0100</strong></span> <span class='ocrx_word' id='word_1_286' title='bbox 914 3579 1054 3644; x_wconf 89' lang='lat' dir='ltr'>paternus</span> <span class='ocrx_word' id='word_1_287' title='bbox 1068 3579 1141 3636; x_wconf 89' lang='lat' dir='ltr'>erat,</span> <span class='ocrx_word' id='word_1_288' title='bbox 1164 3571 1327 3629; x_wconf 87' lang='lat' dir='ltr'>absolutum</span> 
     </span>
     <span class='ocr_line' id='line_1_34' title="bbox 214 3666 1326 3740; baseline 0 -18"><span class='ocrx_word' id='word_1_289' title='bbox 214 3681 277 3723; x_wconf 90' lang='lat' dir='ltr'>esse</span> <span class='ocrx_word' id='word_1_290' title='bbox 309 3666 393 3723; x_wconf 91' lang='lat' dir='ltr'>etin</span> <span class='ocrx_word' id='word_1_291' title='bbox 419 3666 511 3738; x_wconf 87' lang='lat' dir='ltr'>ipsius</span> <span class='ocrx_word' id='word_1_292' title='bbox 536 3668 649 3725; x_wconf 94' lang='lat' dir='ltr'>domum</span> <span class='ocrx_word' id='word_1_293' title='bbox 674 3668 835 3726; x_wconf 89' lang='lat' dir='ltr'>deductum.</span> <span class='ocrx_word' id='word_1_294' title='bbox 878 3670 952 3728; x_wconf 90' lang='lat' dir='ltr'>Tum</span> <span class='ocrx_word' id='word_1_295' title='bbox 979 3684 1064 3740; x_wconf 89' lang='lat' dir='ltr'>qnam</span> <span class='ocrx_word' id='word_1_296' title='bbox 1092 3668 1240 3726; x_wconf 88' lang='lat' dir='ltr'>celerrime</span> <span class='ocrx_word' id='word_1_297' title='bbox 1261 3682 1326 3724; x_wconf 92' lang='lat' dir='ltr'>eum</span> 
     </span>
     <span class='ocr_line' id='line_1_35' title="bbox 214 3763 1327 3836; baseline 0 -16"><span class='ocrx_word' id='word_1_298' title='bbox 214 3763 420 3822; x_wconf 90' lang='lat' dir='ltr'>domuitionem</span> <span class='ocrx_word' id='word_1_299' title='bbox 440 3780 570 3836; x_wconf 86' lang='lat' dir='ltr'>parasse,</span> <span class='ocrx_word' id='word_1_300' title='bbox 598 3769 685 3823; x_wconf 89' lang='lat' dir='ltr'>antea</span> <span class='ocrx_word' id='word_1_301' title='bbox 710 3769 808 3823; x_wconf 89' lang='lat' dir='ltr'>tamen</span> <span class='ocrx_word' id='word_1_302' title='bbox 835 3765 1019 3824; x_wconf 87' lang='lat' dir='ltr'>constituisse</span> <span class='ocrx_word' id='word_1_303' title='bbox 1043 3766 1101 3823; x_wconf 87' lang='lat' dir='ltr'>iam</span> <span class='ocrx_word' id='word_1_304' title='bbox 1126 3769 1160 3823; x_wconf 89' lang='lat' dir='ltr'>ut</span> <span class='ocrx_word' id='word_1_305' title='bbox 1184 3765 1327 3822; x_wconf 94' lang='lat' dir='ltr'>hominem</span> 
     </span>
     <span class='ocr_line' id='line_1_36' title="bbox 214 3861 1328 3935; baseline 0 -17"><span class='ocrx_word' id='word_1_306' title='bbox 214 3861 341 3921; x_wconf 88' lang='lat' dir='ltr'>revisere</span> <span class='ocrx_word' id='word_1_307' title='bbox 373 3861 524 3919; x_wconf 89' lang='lat' dir='ltr'>mulierem</span> <span class='ocrx_word' id='word_1_308' title='bbox 554 3862 646 3934; x_wconf 89' lang='lat' dir='ltr'>illam,</span> <span class='ocrx_word' id='word_1_309' title='bbox 679 3878 754 3935; x_wconf 89' lang='lat' dir='ltr'>quae</span> <span class='ocrx_word' id='word_1_310' title='bbox 783 3879 848 3920; x_wconf 89' lang='lat' dir='ltr'>cum</span> <span class='ocrx_word' id='word_1_311' title='bbox 874 3865 955 3921; x_wconf 87' lang='lat' dir='ltr'>asino</span> <span class='ocrx_word' id='word_1_312' title='bbox 981 3863 1182 3922; x_wconf 87' lang='lat' dir='ltr'>concubuerat.</span> <span class='ocrx_word' id='word_1_313' title='bbox 1223 3863 1328 3931; x_wconf 87' lang='lat' dir='ltr'>Aqua</span> 
     </span>
     <span class='ocr_line' id='line_1_37' title="bbox 213 3958 1325 4031; baseline -0.002 -14"><span class='ocrx_word' id='word_1_314' title='bbox 213 3960 375 4018; x_wconf 88' lang='lat' dir='ltr'>miserrime</span> <span class='ocrx_word' id='word_1_315' title='bbox 401 3963 559 4017; x_wconf 88' lang='lat' dir='ltr'>tractatum</span> <span class='ocrx_word' id='word_1_316' title='bbox 583 3965 707 4031; x_wconf 88' lang='lat' dir='ltr'>postero</span> <span class='ocrx_word' id='word_1_317' title='bbox 726 3960 772 4019; x_wconf 93' lang='lat' dir='ltr'>die</span> <span class='ocrx_word' id='word_1_318' title='bbox 798 3976 901 4018; x_wconf 89' lang='lat' dir='ltr'>navem</span> <span class='ocrx_word' id='word_1_319' title='bbox 927 3960 1126 4019; x_wconf 86' lang='lat' dir='ltr'>conscendisse</span> <span class='ocrx_word' id='word_1_320' title='bbox 1151 3964 1180 4017; x_wconf 91' lang='lat' dir='ltr'>et</span> <span class='ocrx_word' id='word_1_321' title='bbox 1201 3958 1325 4018; x_wconf 91' lang='lat' dir='ltr'>secundo</span> 
     </span>
    </p>
   </div>
   <div class='ocr_carea' id='block_1_6' title="bbox 212 4056 1325 4208">
    <p class='ocr_par' dir='ltr' id='par_1_8' title="bbox 212 4056 1325 4208">
     <span class='ocr_line' id='line_1_38' title="bbox 212 4056 1325 4130; baseline -0.001 -15"><span class='ocrx_word' id='word_1_322' title='bbox 212 4063 297 4116; x_wconf 83' lang='lat' dir='ltr'>rento</span> <span class='ocrx_word' id='word_1_323' title='bbox 328 4058 410 4118; x_wconf 89' lang='lat' dir='ltr'>brevi</span> <span class='ocrx_word' id='word_1_324' title='bbox 440 4058 472 4116; x_wconf 94' lang='lat' dir='ltr'>in</span> <span class='ocrx_word' id='word_1_325' title='bbox 495 4058 622 4130; x_wconf 88' lang='lat' dir='ltr'>patriam</span> <span class='ocrx_word' id='word_1_326' title='bbox 646 4059 800 4119; x_wconf 88' lang='lat' dir='ltr'>revenisse.</span> <span class='ocrx_word' id='word_1_327' title='bbox 841 4056 965 4118; x_wconf 90' lang='lat' dir='ltr'>Prorsus</span> <span class='ocrx_word' id='word_1_328' title='bbox 992 4058 1051 4117; x_wconf 87' lang='lat' dir='ltr'>alia</span> <span class='ocrx_word' id='word_1_329' title='bbox 1071 4058 1156 4117; x_wconf 87' lang='lat' dir='ltr'>effert</span> <span class='ocrx_word' id='word_1_330' title='bbox 1176 4057 1325 4130; x_wconf 89' lang='lat' dir='ltr'>Apuleius.</span> 
     </span>
     <span class='ocr_line' id='line_1_39' title="bbox 1134 4152 1168 4208; baseline 0 -22"><span class='ocrx_word' id='word_1_331' title='bbox 1134 4152 1168 4208; x_wconf 74' lang='grc'>4*</span> 
     </span>
    </p>
   </div>
   <div class='ocr_carea' id='block_1_7' title="bbox 0 0 1460 4702">
    <p class='ocr_par' dir='ltr' id='par_1_9' title="bbox 0 0 1460 4702">
     <span class='ocr_line' id='line_1_40' title="bbox 0 0 1460 4702; baseline 0 0"><span class='ocrx_word' id='word_1_332' title='bbox 0 0 1460 4702; x_wconf 95' lang='lat' dir='ltr'> </span> 
     </span>
    </p>
   </div>
  </div>
 </body>
</html>
