2902 4702
615 353 834 416 -18-

167 549 244 602 num‘
267 544 476 618 Apuleinmque
490 545 688 604 intercedente
702 546 885 605 iudicandum
900 548 945 617 sit,
961 548 1029 607 solis
1043 548 1104 607 fere
1119 551 1191 608 satis
1207 552 1283 609 clare

168 642 394 714 ostendentibus,
417 643 535 700 tertium
557 643 780 714 aggregaverim
802 661 873 716 eum,
897 646 946 716 qui
961 646 1146 716 subsequitur
1160 648 1195 705 de
1210 650 1284 706 asini

166 739 243 812 apud
264 740 403 812 pistorem
424 741 554 798 servitio.
586 741 631 798 De
654 758 709 812 quo
729 741 845 799 servitio
860 743 935 815 apud
949 743 1109 802 Lucianum
1121 745 1151 801 in
1166 762 1228 819 cap.
1245 747 1283 803 42

165 837 220 894 hoc
240 841 353 893 tantum
373 841 523 894 narratum
545 841 589 895 est
614 837 733 910 asinum,
757 854 821 894 cum
842 856 872 896 se
892 841 987 912 operis
1008 843 1283 914 molariiexpertem

110 939 114 947 '
167 950 230 991 esse
252 934 424 1000 simulasset,
446 933 543 1006 plagis
564 938 685 1005 repente
706 936 861 992 acervatim
876 937 995 1008 ingestis
1011 937 1145 996 didicisse
1167 938 1207 996 du
1227 939 1282 1016 χρὴ

166 1031 211 1087 τὸν
245 1032 342 1088 δοῦλον
374 1030 402 1095 ἐς
422 1029 453 1087 τὸ
474 1029 507 1087 τὰ
529 1029 624 1087 δέοντα
645 1033 729 1088 ποιεῖν
751 1031 790 1107 μὴ
812 1031 962 1109 περιμένειν
983 1033 1032 1109 τὴν
1053 1038 1133 1113 χεῖρα
1153 1037 1201 1093 τοῦ
1223 1038 1283 1093 δεσ-

165 1127 260 1185 πότου.
305 1128 391 1200 Apud
412 1127 568 1199 Apuleium
599 1132 700 1184 contra
730 1134 849 1199 praeter
878 1129 999 1188 fabellas
1025 1131 1096 1189 duas
1123 1148 1187 1190 cum
1208 1134 1283 1190 asini

167 1225 280 1284 casibus
303 1225 417 1282 omnino
439 1241 495 1282 non
518 1224 704 1282 cohaerentes
725 1230 755 1282 et
776 1225 865 1283 solam
885 1232 1008 1300 propter
1029 1230 1189 1301 argumenti
1204 1230 1282 1286 simi-

165 1321 315 1379 litudinem
347 1321 383 1378 ah
405 1318 532 1392 Apuleio
559 1320 671 1378 demum
698 1321 827 1381 adiectas
849 1323 922 1381 alias
943 1325 1080 1396 quasdam
1102 1326 1283 1383 narrationes

165 1420 292 1478 insertas
312 1419 440 1477 invenies
462 1435 525 1476 cum
546 1419 611 1490 ipsa
630 1417 731 1477 fabula
751 1421 843 1478 artius
864 1437 987 1480 conexas
1007 1423 1042 1480 de
1056 1423 1175 1495 pistoris
1185 1424 1283 1480 uxoris

165 1517 307 1575 adulterio
341 1520 415 1577 asini
446 1537 535 1592 opera
567 1520 681 1578 detecto
713 1520 805 1591 deque
831 1521 950 1593 pistoris
971 1528 1063 1580 morto
1084 1525 1184 1581 uxoris
1204 1525 1282 1582 illius

165 1615 249 1673 malis
284 1617 396 1674 artibus
429 1617 532 1675 effecta
553 1617 628 1692 (cap.
654 1618 783 1689 14-16,
812 1619 859 1688 22,
882 1620 929 1691 23,
952 1618 1092 1693 26-31).
1138 1619 1282 1678 Cohaeret

169 1727 233 1768 cum
254 1713 309 1770 hac
331 1714 449 1772 duorum
471 1714 607 1772 librorum
631 1714 833 1786 discrepantia,
856 1715 931 1785 quod
953 1716 1048 1783 etiam,
1062 1715 1147 1772 huius
1168 1717 1280 1775 servitii

163 1807 229 1867 finis
257 1811 288 1867 in
313 1811 356 1869 eis
385 1811 499 1869 diversa
523 1811 636 1869 ratione
660 1810 799 1869 adductus
824 1817 880 1869 est:
908 1810 984 1884 apud
1005 1812 1160 1883 Apuleium
1184 1813 1281 1870 asinus

166 1908 244 1964 uenit
275 1912 394 1981 propter
420 1908 525 1966 domini
555 1912 677 1966 mortem
709 1909 809 1967 fabula
839 1909 903 1978 illa,
935 1925 1019 1980 quam
1044 1908 1214 1981 significavi,
1245 1911 1281 1967 ab

165 2005 286 2076 Apuleio
312 2007 422 2064 inserta
447 2010 607 2076 narratam,
641 2007 717 2078 apud
738 2007 914 2079 ,Lucianam‘
936 2011 1055 2079 propter
1075 2007 1194 2063 nimiam
1213 2021 1281 2064 cor·

164 2102 242 2173 poris
262 2105 381 2160 maciem
403 2107 433 2161 et
452 2103 689 2162 imbecillitatem.

246 2198 294 2256 De
325 2198 379 2256 hoc
410 2214 522 2270 quoqne
553 2199 616 2256 loco
639 2199 855 2259 Goldhacherus
887 2201 971 2258 docte
993 2204 1022 2258 et
1042 2206 1125 2259 acute
1147 2201 1282 2260 disseruit

164 2296 263 2367 itaque
283 2300 316 2352 ut
337 2296 481 2368 plerisque
502 2296 595 2367 possis
616 2295 760 2352 assentiri.
792 2297 921 2368 Exponit
942 2298 1018 2353 enirn
1038 2299 1083 2354 vir
1103 2298 1153 2355 ille
1169 2299 1280 2366 doctus,

165 2409 221 2451 non
241 2409 325 2464 posse
346 2393 489 2464 intellegi,
521 2408 638 2449 curnam
659 2391 704 2448 ad·
718 2409 753 2449 ea
772 2393 843 2463 sola,
866 2409 939 2463 qnae
960 2393 1081 2463 praebet
1106 2394 1278 2464 ,Lucienus‘,

166 2489 313 2548 afferenda
339 2505 456 2561 prorsus
481 2505 584 2546 nouam
610 2492 640 2546 et
660 2489 805 2561 propriam
826 2489 1002 2546 narrationis
1021 2494 1134 2560 partem
1156 2490 1280 2562 scriptor

166 2587 319 2656 adiecerit,
347 2587 519 2658 praesertim
551 2602 614 2642 cum
639 2586 696 2642 iam
722 2602 809 2659 supra
834 2585 878 2661 (in
900 2603 963 2659 cap.
985 2587 1034 2644 As.
1058 2587 1110 2659 28)
1132 2587 1230 2644 asinus
1250 2588 1281 2645 in

167 2685 244 2742 mola
269 2689 399 2742 uersatus
420 2684 459 2740 sit
479 2683 599 2754 ideoque
619 2683 693 2741 haec
713 2683 809 2740 omnia
829 2683 887 2740 iam
908 2688 977 2741 tunc
998 2684 1103 2741 ascribi
1124 2686 1279 2762 potuerint,

164 2783 253 2840 Immo
275 2782 436 2839 necessario
458 2781 642 2838 statuendum
663 2797 735 2847 esse,
758 2797 822 2838 cum
842 2781 886 2838 ita
906 2783 1101 2840 narrationem
1117 2788 1220 2840 auctor
1233 2784 1278 2840 in-

164 2879 305 2951 stituerit,
338 2879 375 2936 ad
396 2894 444 2948 ea,
476 2894 550 2948 quae
572 2877 737 2948 ,Lucienus‘
769 2879 936 2950 praeberet,
969 2895 1032 2936 eum
1063 2879 1136 2937 alias
1167 2895 1278 2950 quoque

164 2976 287 3034 fabellas
308 2976 467 3047 adiungere
487 2975 518 3032 in
539 2975 632 3032 animo
654 2975 799 3032 habuisse.
831 2975 959 3032 Inveniri
979 2980 1085 3045 autem,
1108 2991 1181 3045 quae
1202 2976 1277 3034 desi-

164 3072 308 3142 derentur,
332 3071 408 3145 apud
422 3072 575 3143 Apuleium
597 3073 627 3129 in
650 3072 751 3130 eadem
771 3072 947 3140 narrationis
966 3077 1061 3143 parte,
1084 3072 1158 3130 unde
1170 3071 1278 3131 efficia-

165 3174 223 3239 tur,
245 3169 443 3227 additamenta
462 3169 513 3226 illa
534 3167 698 3240 Apuleiana
718 3171 837 3239 praeter
856 3183 994 3238 eaquae
1016 3184 1080 3225 cum
1100 3166 1199 3226 fabula
1219 3171 1278 3242 pri-

164 3267 259 3324 maria
280 3265 392 3323 omnino
413 3281 470 3323 non
492 3265 674 3336 cohaereant,
696 3265 727 3321 in
748 3264 911 3322 universnm
926 3264 964 3321 ad
977 3265 1100 3337 Lucium
1112 3266 1279 3324 Patrensem

163 3361 317 3421 referenda
347 3378 418 3420 esse.
464 3361 548 3419 Haec
579 3361 675 3418 omnia
706 3377 824 3433 prorsus
852 3366 932 3419 recte
955 3361 1103 3433 disputata
1125 3380 1186 3420 esse
1208 3364 1279 3421 mihi

164 3461 313 3530 uidentur,
349 3459 540 3517 etiamsinon
561 3459 633 3517 satis
653 3458 737 3516 firma
757 3462 823 3516 sunt
844 3458 882 3516 ad
903 3474 953 3516 eos
974 3459 1197 3530 convincendos,
1230 3461 1279 3532 qui

164 3557 311 3616 contraria
331 3557 465 3614 sentiant.
511 3555 556 3613 At
577 3572 624 3624 ea,
652 3573 725 3629 quae
747 3555 881 3629 deinceps
902 3557 1039 3616 disseruit
1059 3557 1278 3617 Goldbacherns

166 3655 201 3712 de
222 3655 335 3712 diverso
355 3652 439 3710 huius
460 3652 554 3726 partis
575 3652 663 3723 exitu,
685 3654 763 3711 nullo
785 3653 869 3711 modo
891 3670 1005 3727 possum
1026 3657 1157 3728 probare.
1194 3656 1279 3713 Dixit

166 3752 241 3810 enim
267 3753 304 3809 ad
329 3751 571 3823 opus-molarium
593 3749 801 3819 difficillimum,
823 3768 933 3823 quoque
953 3753 1098 3811 hominnm
1120 3757 1150 3810 et
1170 3753 1278 3810 inmen-

166 3854 263 3906 torum
279 3848 357 3906 vires
373 3864 457 3920 quam
471 3849 595 3906 maxime
609 3850 782 3919 tererentur,
805 3866 860 3906 non
874 3850 972 3908 valida
987 3856 1016 3908 et
1026 3850 1143 3908 robusta
1152 3851 1278 3907 iumenta

166 3944 296 4003 adhibita
315 3961 396 4015 esse,
428 3944 480 4004 sed
501 3961 536 4002 ea
556 3949 683 4017 tantum,
719 3961 791 4017 qnae
813 3946 864 4003 alii
884 3948 949 4004 usui
969 3963 1025 4004 non
1046 3947 1151 4004 idonea
1172 3952 1276 4018 essent,

166 4042 287 4113 ideoque
319 4041 405 4099 valde
436 4042 541 4100 mirum
560 4042 667 4112 videri,
699 4042 775 4113 quod
795 4043 891 4101 asihus
912 4059 930 4099 a
950 4043 1058 4115 pistore
1079 4059 1113 4101 ea
1135 4043 1171 4101 de
1192 4060 1279 4102 causa
