2902 4702
614 395 835 458 ...37-

166 588 259 647 inesse
280 592 310 645 et
329 588 360 646 in
380 589 433 647 illa
452 589 487 646 de
501 589 614 646 utribus
628 589 794 647 narratione
810 593 840 647 et
854 589 885 646 in
898 589 997 647 iudicii
1009 588 1044 647 de
1058 589 1150 647 Lucio
1164 594 1285 663 propter

166 689 246 744 utres
277 691 395 744 necatos
420 685 514 744 habiti
539 685 743 758 descriptione.
785 687 880 757 Atque
907 687 996 744 etiam
1016 686 1063 743 hie
1085 686 1213 744 cernitur
1233 686 1283 744 ille

165 783 245 840 color
265 782 450 852 narrationis,
473 783 508 839 de
529 798 583 852 quo
604 783 634 839 in
654 783 747 854 primo
769 783 865 854 eapite
879 783 969 841 verba
985 781 1051 852 feci,
1073 788 1175 840 utnon
1190 783 1284 842 solum

164 880 245 937 facta
265 883 394 951 externa,
417 878 469 936 sed
490 879 579 937 etiam
600 879 700 951 ipsius,
723 895 796 949 quae
817 879 912 936 omnia
932 883 1043 948 narret,
1065 894 1204 950 personae
1223 879 1283 952 pri·

165 976 275 1033 mariae
296 991 344 1032 res
365 979 395 1033 et
417 975 495 1033 dicta
516 975 627 1032 ironice
649 973 861 1034 describantur.
899 974 993 1047 Quam
1015 975 1049 1031 ob
1071 991 1133 1032 rem
1154 974 1283 1033 dubitari

164 1076 262 1144 potest
284 1088 342 1128 una
363 1072 398 1129 de
419 1070 519 1130 fabula
537 1071 749 1145 Thelyphronis
769 1072 941 1131 1120-30.
973 1070 1072 1143 Atque
1093 1087 1147 1143 ego
1170 1072 1283 1142 quidem

164 1170 239 1227 hanc
269 1168 818 1234 111111Ρ1111111111111111111111,
852 1169 927 1240 quod
948 1173 978 1227 et
999 1185 1064 1226 eum
1084 1168 1171 1227 Lucii
1191 1169 1282 1240 ipsius

165 1264 278 1323 casibus
309 1281 426 1338 prorsus
457 1281 515 1323 non
546 1266 683 1323 cohaeret
709 1271 739 1323 et
759 1271 819 1322 toto
840 1271 1012 1337 argumento
1033 1270 1094 1322 tam
1115 1264 1216 1323 similis
1237 1269 1282 1323 est

164 1361 293 1420 Socratis
314 1361 431 1419 fabulae
452 1378 541 1433 supra
562 1377 579 1419 a
600 1361 690 1419 Lucio
706 1361 839 1420 Patrensi
859 1362 995 1432 reiectae,
1018 1366 1051 1418 ut
1071 1367 1224 1432 utramque
1245 1362 1282 1419 ab

164 1457 345 1529 Apuleioex
366 1458 467 1516 eodem
488 1457 568 1516 fonte
588 1459 722 1515 haustam
742 1474 805 1516 esse
826 1458 982 1517 verisimile
1002 1458 1048 1516 sit
1080 1457 1182 1517 Habes
1204 1459 1280 1516 enim

165 1553 196 1611 in
221 1559 345 1625 utraque
366 1555 495 1626 corporis
515 1559 613 1626 partes
634 1555 745 1625 aliquas
767 1571 785 1612 a
804 1556 898 1627 magis
919 1571 972 1626 per
993 1571 1121 1613 somnum
1141 1557 1281 1614 rescissas

165 1667 320 1722 rursusque
342 1651 499 1723 appositas,
522 1667 595 1722 quae
617 1651 662 1708 die
683 1655 801 1722 postero
823 1650 918 1723 prima
937 1652 1089 1710 occasione
1103 1652 1280 1710 relabantur.

244 1746 381 1819 Sequitur
395 1747 481 1805 Lucii
500 1749 717 1804 transformatio
732 1746 836 1820 (Apul.
855 1746 904 1804 III
920 1747 1035 1806 19-25
1051 1747 1121 1805 Luc.
1139 1748 1279 1821 11-14).

165 1843 201 1901 In
222 1845 386 1903 universum
406 1845 481 1902 haec
500 1844 617 1902 fabulae
638 1861 707 1916 pars
727 1845 757 1900 in
777 1849 899 1914 utroque
912 1843 1010 1901 libello
1025 1843 1187 1916 parimodo
1203 1849 1280 1902 trae-

165 1943 228 1997 tata
248 1943 301 1997 est.
334 1939 399 1998 Uno
419 1941 481 1998 loeo
495 1938 639 2012 Apuleius
660 1940 857 1997 narrationem
875 1940 1034 2012 ampliavit,
1057 1956 1121 1997 cum
1135 1957 1172 1998 ex
1185 1942 1281 1998 uerbis

165 2035 288 2094 Graecis
308 2035 427 2112 ἐδεόμην
448 2036 509 2094 τότε
530 2040 579 2113 τῆς
598 2033 770 2113 Παλαίστρας
789 2039 925 2113 πτερῶσαι
946 2035 1018 2112 κάμέ
1039 2040 1097 2095 κτλ.
1120 2053 1279 2096 sermonem

164 2134 241 2191 inter
271 2133 394 2192 Lucium
424 2134 612 2204 Fotidemque
644 2131 790 2191 effinxerit
821 2133 898 2207 (cap.
932 2134 982 2206 22,
1016 2133 1076 2208 23),
1111 2135 1159 2205 qui
1180 2134 1279 2192 stilum

163 2228 358 2301 Apuleianum
378 2231 485 2301 ubique
506 2229 627 2289 redolet.
664 2229 774 2290 Verum
795 2231 825 2288 in
846 2228 903 2287 fine
924 2229 1009 2288 huius
1029 2231 1168 2289 sermonis
1189 2231 1279 2290 verba

163 2325 304 2396 quaedam
335 2327 449 2384 adiecta
479 2332 559 2395 suut,
592 2343 664 2399 quae
689 2343 757 2386 sane
778 2327 918 2386 notabilia
939 2332 1015 2387 sunt.
1057 2327 1179 2399 Quaerit
1199 2327 1275 2385 enim

162 2423 270 2481 Lucius
291 2439 327 2481 ex
340 2423 447 2481 Fotide
471 2422 547 2492 „Sed
568 2424 644 2495 qnod
664 2424 808 2482 sciscitari
828 2440 920 2496 paene
929 2425 1096 2496 praeterivi,
1119 2441 1175 2497 quo
1197 2424 1274 2482 dicto

163 2519 276 2578 factove
297 2534 410 2577 rursum
432 2521 526 2578 exutis
546 2520 671 2591 pinnulis
691 2521 752 2578 illis
771 2521 809 2578 ad
827 2535 922 2578 meum
936 2521 1035 2579 redibo
1050 2521 1200 2579 Lucium“.
1233 2521 1280 2579 Ad

164 2615 241 2687 quod
254 2617 337 2675 Fotis
357 2616 513 2688 respondet
534 2617 591 2674 sibi
611 2633 629 2674 a
649 2617 764 2675 domina
777 2618 890 2689 singula
903 2621 1062 2676 monstrata
1077 2633 1147 2690 esse,
1170 2621 1201 2674 ut
1216 2633 1279 2674 eam

164 2713 330 2772 redeuntem
351 2713 490 2772 adiuvare
511 2718 619 2787 posset.
650 2714 715 2772 Non
735 2715 831 2784 potest
844 2713 947 2785 negari
960 2714 1034 2772 haee
1046 2714 1136 2772 verba
1146 2712 1200 2770 hoe
1214 2713 1278 2771 loeo

163 2811 313 2883 aptissima
344 2827 405 2870 esse
437 2815 524 2882 atque
555 2811 672 2868 fabulae
703 2815 872 2882 argumento
898 2810 1005 2881 optime
1027 2809 1189 2868 convenire.
1234 2809 1279 2868 At

162 2912 260 2966 tamen
280 2908 396 2966 minime
416 2907 485 2966 hine
505 2907 730 2965 concludendum
751 2917 807 2973 est,
841 2922 876 2964 ea
896 2906 933 2964 ad
954 2907 1101 2979 exemplar
1121 2907 1277 2980 pertinere.

162 3004 279 3063 Etenim
301 3006 390 3063 etiam
410 3004 441 3062 in
462 3005 558 3076 capite
578 3004 728 3062 undecimo
749 3003 779 3060 in
800 3003 885 3061 Lucii
905 3002 1074 3074 Fotidisque
1095 3003 1275 3062 sermonibus

163 3101 265 3159 harum
298 3102 417 3160 duarum
448 3102 647 3160 narrationum
672 3101 825 3160 diversitas
851 3100 978 3159 occurrit
998 3101 1114 3173 similis,
1150 3116 1279 3172 quaeque

165 3213 229 3256 cum
254 3200 309 3256 hac
331 3204 431 3271 aperte
453 3201 614 3258 cohaereat.
657 3197 730 3257 Cum
751 3198 827 3255 enim
848 3197 889 3254 ibi
910 3197 941 3254 in
961 3196 1050 3255 Asino
1072 3196 1226 3255 Palaestra
1246 3213 1278 3254 11

163 3297 236 3354 artis
256 3282 388 3368 magicae
408 3313 527 3370 prorsus
546 3296 710 3370 imperitam
731 3310 794 3353 esse
815 3293 999 3366 profiteatur,
1032 3294 1114 3352 Fotis
1135 3294 1165 3350 in
1186 3293 1279 3351 Meta·

163 3394 361 3467 morphosibus
381 3394 431 3452 ΠΙ
445 3396 482 3454 20
503 3394 579 3451 hanc
597 3410 659 3451 rem
681 3393 794 3450 omnino
816 3407 872 3449 non
893 3391 995 3464 tangit.
1028 3389 1087 3449 Sed
1109 3389 1278 3450 incredibile

163 3494 208 3547 est
222 3494 422 3560 excerptorem
446 3490 522 3547 hane
535 3489 706 3547 sententiam
721 3488 755 3547 de
770 3503 821 3547 suo
836 3487 992 3556 addidisem
1015 3488 1102 3545 immo
1117 3486 1276 3545 clarissime

162 3589 246 3658 patet
259 3583 416 3656 Apuleium
437 3601 502 3642 eam
513 3584 650 3652 omisisse,
673 3601 737 3642 cum
757 3589 858 3657 postea
873 3585 904 3643 in
919 3585 1067 3656 11111123
1082 3584 1278 3642 narrationem

162 3682 298 3754 supplere
318 3681 469 3740 statuisset
488 3680 585 3753 ibique
606 3681 741 3740 Fotidem
762 3681 1032 3752 (11111111111111,
1055 3697 1086 3739 se
1108 3680 1204 3739 omnia
1225 3681 1277 3739 illa

163 3796 180 3837 1
194 3779 310 3837 domina
324 3795 386 3837 1111
401 3779 542 3838 edoctam.
577 3777 662 3837 Unde
675 3780 838 3838 necessario
854 3779 1036 3850 consequitur
1054 3793 1172 3849 gravem
1196 3778 1277 3836 illam

163 3876 399 3949 discrepantiam,
433 3876 509 3948 quod
529 3875 682 3934 Palaestra
712 3875 837 3948 primum
862 3892 893 3934 se
919 3875 990 3934 artis
1011 3875 1139 3947 magicae
1159 3891 1277 3948 prorsus

162 3975 329 4046 imperitam
359 3990 423 4033 esse
454 3971 580 4032 affirmet
611 3973 766 4044 eademque
791 3977 894 4044 postea
915 3971 1072 4030 remedium
1098 3972 1187 4041 norit,
1221 3987 1276 4043 quo

163 4073 260 4131 asinus
280 4072 310 4130 in
330 4072 532 4144 integritatem
552 4071 733 4141 restituatur,
755 4070 793 4127 ad
813 4069 906 4141 ipsum
920 4067 1031 4127 iontem
1045 4068 1141 4127 redire
1154 4081 1276 4139 eamque
