2902 4702
609 372 829 436 -59-

162 545 352 618 morphoseon
366 541 528 603 fabularum
542 544 781 604 studiosissimum
793 545 878 616 inque
892 544 999 602 libellis
1013 544 1071 603 suis
1086 544 1121 603 de
1135 544 1277 604 eiusmodi

163 657 275 714 quoque
302 641 515 712 quaestionibus
539 641 629 701 verba
649 641 765 713 1001000,
799 640 891 713 qualis
917 645 962 700 est
992 641 1044 699 illa
1069 641 1216 713 incapite
1239 642 1277 699 13

164 739 259 811 obvia,
270 754 338 796 num
351 737 481 795 homines
494 738 598 795 mutati
612 753 727 796 sensum
740 738 895 796 humanum
909 737 1077 809 retinerent,
1093 738 1141 795 bic
1153 737 1277 810 libellus,

165 852 230 907 qno,
250 835 316 892 dum
329 833 498 912 παραδόξους
512 833 736 911 μεταμορφώσεις
749 835 847 893 videre
861 835 1062 907 hominumque
1077 850 1278 893 conversorum

163 931 359 991 condicionem
380 945 555 1002 cognoscere
579 932 662 989 enixe
678 936 805 1004 cuperet,
827 948 858 991 se
872 932 902 988 in
922 931 1111 990 mutationem
1125 930 1277 989 ridiculam

163 1028 297 1087 incidisse
323 1032 522 1100 mutatumque
554 1030 636 1088 novis
663 1045 775 1102 semper
806 1030 1019 1087 calamitatibus
1050 1033 1185 1087 vexatum
1216 1044 1279 1087 esse

164 1127 227 1197 ipse
237 1130 347 1194 narrat,
369 1130 455 1197 atque
469 1125 499 1182 in
512 1125 578 1194 fine,
599 1142 635 1184 ne
650 1127 713 1196 quis
726 1127 798 1184 haec
817 1126 886 1185 ficta
900 1132 983 1199 putet
1004 1130 1034 1183 et
1047 1126 1194 1198 ementita,
1216 1124 1279 1197 ipse

165 1238 281 1296 praeses
301 1223 385 1281 testis
405 1223 607 1292 introducitur,
628 1239 722 1281 nonne
743 1224 827 1282 huius
841 1222 931 1281 studii
949 1223 1059 1296 optima
1080 1227 1110 1280 et
1124 1221 1280 1281 salsissima

166 1336 227 1378 esse
251 1319 374 1378 'videtur
405 1317 520 1377 irrisio?
566 1319 687 1378 Plenum
720 1321 870 1394 scriptoris
900 1320 979 1378 irrisi
1007 1335 1111 1402 nomen
1140 1318 1279 1392 parodiae

165 1420 277 1486 auctor,
298 1416 470 1491 praesertim
484 1432 549 1474 cum
569 1418 653 1476 homo
666 1418 813 1475 Romanus
834 1423 912 1476 esset
932 1416 1013 1488 isque
1027 1422 1073 1475 sat
1092 1415 1199 1474 nobilis
1213 1431 1278 1475 cum

164 1513 332 1587 provinciae
346 1513 481 1586 praeside
495 1515 597 1573 intima
611 1514 740 1572 amicitia
752 1515 928 1586 coniunctus,
954 1530 1101 1587 apponere
1116 1528 1172 1571 non
1192 1527 1279 1570 ausus
1377 1520 1382 1530 '

166 1611 244 1685 est,¹)
260 1610 310 1669 sed
324 1611 374 1677 010,
388 1627 461 1682 quae
477 1611 512 1670 de
527 1612 588 1671 0100
602 1611 693 1685 ipsius
707 1612 864 1683 fratrisque
877 1611 981 1670 studiis
995 1611 1102 1683 attulit,
1118 1609 1279 1669 bominibus

164 1714 233 1766 tunc
253 1708 418 1765 litterarum
438 1707 573 1766 studiosis
587 1708 665 1765 baud
687 1708 807 1767 obscure
826 1707 1009 1780 significavit.
1051 1707 1160 1767 Verum
1181 1712 1279 1765 tamen

165 1821 222 1862 nou
242 1804 342 1877 putide
366 1805 396 1861 in
420 1805 482 1862 0010
503 1804 592 1862 Lucio
613 1803 750 1863 Patrensi
774 1804 920 1863 irridendo
948 1821 1012 1862 sese
1038 1804 1192 1872 continuit,
1225 1802 1277 1861 sed

166 1901 257 1958 multa
281 1917 368 1972 saepe
390 1901 552 1959 fabularum
573 1901 753 1959 condimenta
773 1901 930 1973 adspersit,
957 1917 1031 1972 quae
1052 1917 1117 1959 cum
1137 1901 1187 1959 1110
1209 1915 1278 1958 000-

166 1998 231 2056 01110
252 1997 369 2055 minime
384 1999 550 2067 cohaerent3
572 2002 659 2069 atque
678 2014 714 2056 ea
726 1999 839 2058 ratione
853 1999 955 2057 ductus
972 2015 1029 2056 non
1043 1998 1134 2056 selum
1147 1999 1276 2055 libellum

166 2095 340 2153 invectivum
365 2095 523 2166 composuit
543 2095 594 2154 sed
615 2096 702 2154 etiam
721 2094 848 2154 fabulam
868 2096 1109 2154 iucundissimam.

244 2191 291 2250 De
310 2192 396 2250 buius
417 2193 546 2250 auctoris
566 2193 680 2251 nomine
700 2198 729 2252 et
749 2194 811 2254 vita
830 2194 902 2251 nihil
923 2193 992 2252 sciri
1011 2197 1121 2264 potest,
1145 2192 1180 2251 de
1200 2195 1274 2250 tem-

165 2305 235 2362 pore
255 2290 310 2348 boe
331 2290 455 2348 fortasse
478 2290 582 2363 colligi,
604 2307 669 2348 enm
688 2291 810 2350 nonita
830 2292 949 2350 multum
972 2295 1039 2349 ante
1060 2288 1169 2363 Apulei
1183 2289 1278 2348 Meta·

165 2388 330 2458 morphoses
363 2387 524 2458 scripsisse,
561 2404 631 2459 quas
665 2394 744 2447 recte
767 2389 901 2447 Rohdeus
934 2387 972 2447 ad
1005 2404 1096 2446 annos
1124 2388 1177 2446 151
1190 2386 1280 2445 -155

164 2485 311 2543 rettulisse
331 2484 755 2559 01111νί10100(Μο0.111000.
777 2487 833 2544 XL
848 2488 886 2545 75
907 2487 991 2560 sqq).
1033 2485 1160 2543 Iudicem
1181 2488 1277 2542 autem

165 2580 227 2636 0100
239 2581 328 2638 fuisse
343 2577 595 2657 Μεταμορφώσεων
610 2579 706 2655 λόγους
721 2583 878 2641 certissime
892 2583 1077 2652 consequitur
1091 2597 1126 2639 ex
1140 2580 1276 2640 versione

165 2674 342 2749 Apuleiana.

238 2860 259 2927 ¹)
279 2856 343 2912 Non
361 2859 438 2911 recte
461 2857 560 2912 statuit
576 2857 721 2927 Robdeus,
743 2858 773 2912 in
790 2856 890 2914 lacuna
907 2858 969 2928 illa,
998 2874 1053 2929 qua
1071 2859 1159 2928 patris
1177 2873 1282 2912 nomen

166 2947 313 3016 abreptum
331 2946 383 3012 est,
410 2945 525 3016 plenum
552 2946 623 3002 illud
643 2946 799 3002 exhibitum
816 2946 903 3003 101000
922 2947 1030 3003 adiecto
1049 2949 1161 3003 nomine
1181 2947 1280 3016 gentili

167 3037 195 3090 et
213 3034 384 3104 cognomine.
422 3032 494 3089 Nam
515 3034 600 3089 etiam
618 3035 648 3088 in
660 3034 740 3091 Lucii
751 3035 1012 3106 Metamorphoseon
1030 3035 1092 3090 1000
1109 3050 1282 3105 praenomen

167 3123 258 3176 solum
275 3123 379 3177 lectum
398 3138 460 3176 0000
479 3121 595 3178 Photius
615 3123 770 3178 certissime
788 3122 894 3191 firmat,
922 3139 984 3178 cum
1003 3126 1146 3179 auctorem
1163 3122 1281 3179 Lucium

167 3209 300 3280 appellat.
335 3210 430 3281 Atque
448 3211 564 3267 reicitur
581 3211 690 3267 Rhodei
708 3212 848 3266 sententia
866 3212 952 3266 etiam
970 3213 1113 3267 enuntiato
1132 3210 1182 3266 1110
1202 3209 1233 3263 τὰ
1252 3209 1279 3264 δὲ

167 3296 242 3350 λοιπὰ
261 3296 305 3350 δύο
326 3297 439 3370 ὀνόματα
454 3298 524 3352 κοινὰ
537 3298 637 3372 ἔχομεν,
656 3299 731 3370 quod
749 3298 977 3355 molestissimum
996 3303 1079 3369 esset,
1098 3300 1124 3355 ai
1141 3300 1212 3354 haec
1224 3299 1279 3354 duo

167 3387 279 3441 nomina
301 3387 502 3456 praecederent
507 3411 515 3457 3
534 3388 664 3458 idemque
677 3389 702 3442 si
720 3388 831 3459 absunt,
849 3389 992 3459 aptissime
1011 3388 1177 3458 ascriptore
1196 3403 1285 3458 appo·

168 3473 252 3527 situm
279 3477 334 3541 est,
361 3475 395 3527 ut
417 3471 502 3528 Lucio
530 3474 646 3544 plenum
669 3477 697 3530 et
718 3491 815 3531 verum
838 3493 900 3532 esse
923 3493 1024 3532 nomen
1041 3476 1175 3532 Latinum
1198 3475 1286 3544 signi·

168 3560 272 3615 ficeret.
310 3561 364 3617 Sed
382 3563 461 3631 patet
478 3565 572 3619 temen
592 3579 626 3618 ex
642 3564 803 3636 insequenti
815 3566 953 3636 praesidis
966 3581 1101 3636 responso
1114 3566 1155 3620 ita
1172 3567 1282 3635 patrem

168 3648 340 3718 appellatum
358 3664 429 3718 0000,
447 3652 480 3705 01
497 3651 532 3705 ab
546 3651 709 3721 aequalibus
727 3651 809 3707 facile
826 3653 892 3708 inde
910 3653 1040 3722 cognosci
1057 3655 1162 3723 posset.
1199 3652 1281 3708 Unde

168 3736 288 3792 conicias
316 3737 400 3792 simili
417 3738 527 3793 ratione
546 3742 630 3810 atque
652 3740 683 3793 in
700 3739 785 3795 Lucio
805 3738 929 3810 Gaioque
958 3740 994 3795 ad
1022 3741 1081 3795 eius
1108 3756 1284 3810 praenomen

168 3824 252 3879 studii
262 3826 389 3895 alicuius,
402 3825 479 3881 00100
489 3823 571 3882 laude
580 3827 700 3897 floreret,
713 3829 1003 3884 commemorationem
1011 3828 1098 3885 101000
1112 3828 1282 3884 adiunctam.

567 4020 887 4075 *W*
