2902 4702
623 361 842 427 ,48-

175 554 320 612 Herodoti
350 568 461 625 quoque
493 553 528 610 de
548 551 630 624 Atye
651 551 752 611 Croesi
777 551 837 610 filio
857 553 1056 612 narrationem
1075 556 1239 628 respexisse
1260 563 1293 618 et
1400 625 1413 642 θ

176 669 213 710 ex
233 651 371 709 ambabus
396 666 477 709 snam
498 651 539 708 ita
560 651 762 723 composuisse,
783 655 816 707 ut
836 650 1010 722 paucissima
1030 656 1144 710 tantum
1163 661 1286 714 novaret

175 749 223 808 vel
247 748 376 806 adderet.
419 746 519 820 Atque
540 747 614 806 hano
633 747 725 805 totius
744 747 920 806 narrationis
941 749 1177 821 compositionem
1197 751 1284 809 etiarn

175 845 205 903 in
226 845 324 917 priore
344 849 428 917 parte
448 846 544 916 ipsum
563 842 720 916 Apuleium
741 844 923 916 apertissime
943 845 1085 904 indicasse
1106 847 1203 906 verbis
1224 849 1291 920 qui·

173 942 293 1001 busdam
315 942 429 1000 elucere
449 940 553 1020 capitis
572 939 619 999 IV
633 940 680 1009 26,
702 940 752 998 ubi
772 941 844 998 haec
863 941 996 1014 leguntur
1015 942 1046 998 in
1066 940 1204 1002 Charitae
1224 961 1288 1003 ma-

174 1039 231 1097 rito
258 1054 309 1097 suo
331 1044 449 1112 ereptae
469 1037 723 1096 lamentationibus
755 1036 823 1108 „Sic
844 1037 881 1096 ad
901 1039 995 1097 instar
1015 1039 1130 1114 Atyis¹)
1151 1041 1199 1099 vel
1218 1041 1287 1100 Pro·

175 1137 273 1195 tesilai
293 1136 438 1210 dispectae
459 1135 691 1207 disturbataeque
705 1135 853 1208 nuptiae“.
888 1133 947 1193 Sed
961 1151 997 1194 ne
1011 1135 1078 1194 hinc
1092 1137 1206 1207 quidem
1220 1154 1288 1197 1111-

175 1233 313 1304 sequitur,
337 1233 411 1304 quod
432 1233 567 1304 consequi
587 1233 705 1291 volebat
725 1232 877 1300 Maassius,
900 1233 1003 1304 omnia,
1026 1249 1099 1304 quae
1120 1239 1187 1306 post
1206 1236 1288 1294 illum

174 1331 268 1389 locum
288 1333 455 1401 sequantur,
476 1346 529 1401 pro
549 1345 607 1387 una
627 1334 656 1386 et
677 1328 813 1387 continua
832 1327 941 1386 fabella
961 1329 1093 1388 habenda
1107 1347 1178 1389 esse.
1210 1332 1291 1393 Nam-

175 1428 288 1486 etiamsi
307 1427 463 1486 Protesilai
495 1432 526 1484 et
546 1427 634 1499 Atyis
664 1425 825 1484 fabularum
846 1425 1038 1486 imitationem
1059 1432 1090 1485 et
1111 1430 1288 1488 contamina·

174 1527 281 1583 tionem
302 1525 425 1582 libenter
447 1523 613 1599 conoed02),
634 1528 731 1582 tamen
753 1524 944 1584 certissimum
957 1531 1003 1583 est
1023 1526 1061 1582 ad
1084 1527 1175 1584 solam
1187 1533 1286 1599 poste-

175 1622 281 1680 riorem
296 1622 331 1680 de
347 1620 484 1680 Charitae
497 1626 591 1678 morte
604 1621 801 1679 narrationem
815 1623 970 1694 pertinere,
985 1622 1016 1680 in
1029 1621 1171 1696 prioribus
1183 1631 1288 1684 contra·

175 1737 247 1793 quae
272 1721 333 1792 ipso
355 1723 524 1792 argumento
546 1719 669 1778 maxime
689 1719 845 1778 abhorrent
865 1735 901 1777 ne
921 1719 1069 1778 minimum
1090 1721 1202 1792 quidem
1223 1723 1287 1781 eius

174 1834 316 1890 apparere
340 1817 502 1890 vestigium.
548 1817 629 1888 Quod
655 1815 690 1874 de
711 1817 874 1875 Protesilao
901 1822 1035 1875 accurate
1061 1832 1148 1891 supra
1168 1818 1285 1894 demon·

174 1916 274 1985 stravi,
297 1915 332 1973 de
352 1914 433 1987 Atye
453 1930 506 1987 per
527 1932 558 1974 11
579 1918 661 1989 patet
680 1928 772 1986 neque
793 1919 928 1987 negatum
949 1919 993 1971 est
1014 1931 1032 1971 a
1051 1913 1186 1974 Maassio.
1223 1915 1286 1986 Qua

173 2029 205 2071 rc
230 2014 255 2070 si
275 2015 347 2071 haec
368 2013 423 2071 duo
444 2014 560 2071 nomina
579 2013 638 2070 iam
659 2013 709 2070 illo
729 2013 828 2084 priore
848 2012 912 2070 loco
933 2017 1099 2081 occurrunt,
1125 2016 1176 2069 aut
1195 2017 1287 2070 antea

172 2125 253 2166 mera
264 2109 368 2182 Apulei
382 2110 510 2180 libidine,
525 2115 558 2167 ut
572 2110 705 2168 altiorem
719 2126 819 2167 sonum
833 2107 993 2166 narrationi
1006 2108 1148 2176 indueret,
1170 2108 1284 2168 adiecta

173 2225 236 2267 esse
262 2208 404 2266 censenda
426 2213 492 2264 sunt
523 2211 568 2282 (ut
588 2208 695 2266 similia
715 2207 915 2265 additamenta
935 2207 1129 2279 mythologice
1148 2207 1284 2279 leguntur

172 2304 188 2361 Ι
212 2306 256 2374 12,
278 2303 324 2361 III
348 2306 393 2375 19,
416 2302 459 2362 VI
480 2303 517 2361 29
539 2302 622 2378 alibi)
644 2309 706 2373 aut,
734 2303 809 2375 quod
829 2304 950 2361 Maassii
970 2304 1150 2375 expositione
1171 2305 1283 2376 mytho·

172 2401 311 2474 graphica
330 2400 363 2457 fit
383 2399 576 2470 verisimilius,
598 2400 779 2458 statuendum
804 2406 848 2459 est
868 2399 1026 2474 Apuleium
1041 2417 1195 2459 memorem
1216 2416 1284 2460 con·

175 2499 233 2558 silii
253 2498 346 2557 futuri
376 2499 434 2556 iam
454 2501 522 2556 tunc
541 2498 572 2556 in
592 2515 624 2555 ro
646 2498 733 2556 simili
753 2498 825 2556 illud
846 2515 883 2556 ex
907 2499 1085 2571 mythologie
1098 2498 1281 2570 adspersisse.

171 2598 261 2658 Nullo
293 2602 371 2656 certe
402 2597 484 2655 modo
515 2603 634 2669 propter
665 2598 727 2655 sola
754 2596 825 2654 haec
846 2596 901 2655 duo
922 2596 1037 2654 nomina
1058 2595 1286 2655 concludendum·

172 2701 236 2754 erat
257 2697 328 2754 duas
348 2695 414 2753 illas
435 2695 470 2752 de
496 2693 615 2753 Charite
636 2694 818 2752 narrationes
839 2698 1009 2766 argumento
1032 2699 1062 2752 et
1076 2694 1284 2766 compositione

172 2793 382 2851 diversissimas
402 2794 439 2850 ab
460 2809 515 2849 nno
537 2796 655 2851 auctore
677 2793 854 2863 conscriptas
874 2808 946 2850 1111.

255 2888 376 2947 1111111111
397 2890 541 2948 sententia
565 2890 675 2948 reiecta
695 2888 877 2960 perstandum
893 2893 938 2945 est
957 2887 988 2944 in
1008 2887 1138 2959 priorum
1157 2886 1291 2946 virorum,

173 2986 321 3042 doctorum
337 2987 460 3043 omnium
471 3002 609 3045 consensu
620 2987 781 3044 breviorem
793 2986 936 3058 ‚Luciani‘
950 2984 1145 3043 narrationem
1156 3001 1191 3042 ex
1204 2984 1284 3043 fonte

170 3082 304 3141 haustam
331 3100 394 3141 esse
420 3084 538 3155 eiusque
563 3085 628 3142 loco
655 3084 690 3141 ab
711 3084 833 3155 Apuleio
861 3083 948 3141 aliam
973 3083 1110 3140 fusiorem
1135 3082 1282 3142 insertam.

171 3179 254 3253 Quod
275 3181 356 3238 illinc
377 3196 488 3252 qnoque
510 3181 690 3252 comprobari
710 3184 815 3253 potest,
838 3180 913 3250 quod
934 3180 1021 3237 etiam
1035 3180 1167 3238 hocloco
1181 3178 1285 3236 fabula-

170 3276 334 3349 ‚Lucianea'
355 3278 392 3335 ad
406 3278 495 3336 totius
509 3277 646 3336 historiae
662 3281 826 3336 contextum
847 3277 936 3334 multo
951 3278 1052 3336 melius
1066 3276 1282 3334 accommodata

170 3379 223 3444 est,
246 3392 331 3447 quam
344 3374 517 3448 Apuleiana.
549 3375 695 3448 Apertum
717 3375 792 3433 enim
814 3378 934 3434 estnon
958 3375 1020 3432 sine
1035 3390 1121 3432 causa
1135 3373 1282 3445 duplicem·

169 3472 307 3532 Charitae
327 3473 546 3547 Tlepolemique
572 3479 694 3532 mortem
721 3473 752 3531 in
771 3477 892 3543 utroque
913 3472 1013 3530 libello
1040 3472 1149 3544 afferri,
1178 3487 1281 3545 nempe

240 3624 262 3692 ¹)
282 3623 419 3692 „Aturia
440 3622 553 3678 exhibet
571 3621 658 3677 codex
675 3620 861 3690 Florentium,
881 3619 955 3675 unde
973 3623 1049 3675 recte
1067 3619 1097 3674 id
1110 3619 1184 3690 quod
1196 3635 1282 3689 supra

167 3713 303 3782 scriptum
321 3715 365 3768 est
383 3713 478 3768 elicuit
495 3711 690 3781 Kiesslingius.

236 3802 258 3870 ²)
278 3800 361 3856 Patet
378 3802 430 3857 hac
448 3801 656 3871 compositionis
674 3801 783 3855 ratione
801 3800 874 3854 hanc
891 3797 1015 3853 fabulam
1033 3797 1203 3852 simillimam
1216 3812 1277 3851 1111

166 3887 206 3957 ei,
235 3888 270 3943 de
298 3904 353 3959 qua
381 3905 465 3959 supra
492 3890 578 3944 verba
600 3888 653 3944 feci
673 3888 707 3942 de
726 3888 807 3958 pueri
825 3886 945 3942 crudelis
964 3890 1061 3943 morte.
1098 3886 1179 3942 Unde
1196 3882 1277 3938 facile

166 3977 286 4032 conicias
304 3979 452 4049 utramque
471 3978 506 4032 ab
524 3978 585 4047 ipso
597 3977 718 4047 Apuleio
736 3975 888 4047 profectam
901 3992 971 4031 esse.
1000 3976 1040 4031 At
1052 3976 1129 4046 prior
1141 3973 1271 4031 Charitae

163 4067 261 4126 fabula
278 4067 341 4139 ipsa
358 4066 482 4121 novitate
504 4068 532 4122 et
552 4066 722 4136 proprietate
742 4065 899 4133 argumenti
919 4063 953 4119 ab
973 4063 1029 4118 illis
1048 4064 1169 4120 maxime
1185 4062 1274 4118 distat
