2902 4702
612 363 833 426 ..pp-

167 564 220 628 est,
235 566 269 616 ut
282 560 419 618 nonnulla
430 576 493 617 cum
504 559 642 632 proximis
654 559 783 617 adversis
799 559 941 617 frontibus
952 564 1088 630 pugnent.
1126 556 1280 617 Praemisit

167 657 243 714 enim
264 673 327 715 eam
347 656 487 730 Apuleius
508 658 558 726 eis,
584 673 657 728 quae
677 657 707 713 in
726 657 807 715 fonte
828 673 879 714 suo
901 656 936 714 de
957 657 1103 714 hortulani
1123 657 1280 728 militisque

169 754 316 812 cuiusdam
342 771 480 813 concursu
500 755 590 812 allata
611 758 706 826 erant,
740 759 826 824 atque
847 756 889 812 ita
909 771 972 812 cum
994 755 1035 813 eis
1057 754 1231 822 coniunxit,
1248 761 1281 812 ut

168 856 309 921 narraret,
332 852 515 910 hortulanum
536 852 696 923 aliquando,
718 858 751 909 ut
770 852 910 909 rusticum
935 852 1017 909 illum
1037 852 1185 922 visitaret,
1217 869 1282 910 cum

167 949 248 1006 asino
270 966 428 1021 egressum,
461 966 525 1006 cum
546 950 596 1007 ille
616 953 737 1022 propter
763 966 878 1007 saevam
909 948 1055 1007 fortunam
1075 950 1137 1022 ipse
1159 955 1281 1007 mortem

168 1046 225 1104 sibi
245 1047 429 1105 conscivisset
448 1051 528 1104 retro
553 1046 591 1103 ad
611 1046 726 1103 hortum
741 1063 823 1103 suum
844 1047 922 1104 viam
936 1046 1123 1118 capessivisse
1144 1047 1175 1104 in
1189 1063 1281 1117 eaque

168 1161 232 1201 cum
257 1144 349 1202 milite
374 1142 559 1215 congressum
585 1159 655 1201 esse.
707 1143 770 1214 Qua
800 1144 830 1200 in
861 1160 892 1201 re
921 1144 975 1201 hoc
999 1159 1117 1215 prorsus
1141 1144 1280 1215 neglexit,

168 1241 244 1312 quod
271 1246 300 1299 et
325 1242 355 1298 in
377 1241 494 1298 Graeco.
514 1245 614 1313 aperte
641 1241 747 1298 dictum
779 1245 843 1297 erat
864 1244 893 1299 et
918 1242 953 1298 sb
979 1241 1041 1313 ipso
1066 1241 1096 1298 in
1121 1242 1281 1299 versionem

162 1325 250 1395 'suam
271 1338 337 1396 inde
358 1339 578 1411 transscriptum
599 1338 699 1396 militis
713 1337 917 1408 hortulanique
937 1353 1063 1410 pugnarn
1077 1337 1187 1395 factam
1208 1354 1280 1407 esso,

170 1452 234 1493 curn
255 1435 407 1507 aliquando
428 1435 597 1493 hortulanus
611 1437 648 1493 ab
662 1435 748 1492 horto
770 1451 820 1493 suo
843 1435 873 1491 in
893 1434 994 1492 urbem
1014 1433 1281 1509 proficisceretur.¹)

167 1532 250 1590 Dicit
268 1534 322 1591 hoc
340 1532 402 1604 ipse
422 1533 594 1590 hortulanus
613 1533 644 1589 iu
665 1533 761 1604 capite
777 1533 814 1590 39
838 1538 956 1603 „potere
978 1549 1008 1590 se
1024 1533 1171 1591 civitatem
1184 1532 1280 1604 proxi-

168 1632 265 1687 mam“
288 1635 374 1701 atque
393 1646 425 1688 re
439 1646 510 1688 vera
529 1628 623 1686 milite
638 1645 774 1702 oppresso
798 1630 927 1697 „concito
948 1630 1042 1701 gradu
1061 1635 1143 1687 recta
1162 1629 1282 1687 festinat

171 1727 209 1784 ad
231 1727 394 1786 civitatem“
418 1726 495 1800 (cap.
511 1727 573 1801 40).
606 1726 684 1797 Quae
706 1742 769 1783 curn
791 1726 1036 1798 praecedentibus,
1059 1727 1160 1798 quibus
1180 1727 1280 1784 hortu·

169 1825 266 1882 lanum
291 1825 327 1882 ab
348 1824 451 1882 rustici
472 1824 571 1883 casula
590 1829 670 1882 retro
691 1823 728 1880 ad
748 1824 840 1895 ipsius
860 1824 976 1880 hortum
996 1823 1073 1880 viam
1094 1823 1281 1896 capessivisse

169 1923 330 1994 expositum
352 1926 397 1979 est
417 1921 447 1978 in
468 1922 551 1980 initio
574 1938 638 1992 cap.
661 1922 707 1990 39,
733 1921 908 1979 1111111111
931 1925 1049 1992 possent
1070 1921 1227 1993 conciliari,
1249 1924 1282 1977 ut

168 2034 337 2089 poneremus
368 2019 484 2077 hortum
513 2019 543 2075 in
573 2019 644 2075 urbe
674 2019 739 2091 ipsa
765 2016 976 2096 111111111111.
1021 2017 1102 2091 Quae
1127 2019 1280 2090 explicatio

168 2115 235 2173 inde
249 2131 317 2173 sane
332 2116 525 2173 commendari
538 2116 661 2186 videtur,
684 2116 758 2186 quod
779 2119 844 2188 post
864 2116 951 2174 verba
972 2115 1024 2172 illa
1045 2120 1144 2184 ,recta
1163 2115 1282 2173 festinat

170 2194 392 2272 ad'civitatew
416 2215 487 2273 hacc
508 2213 719 2285 subsequuntur
742 2230 813 2283 ,nec
833 2213 981 2271 hortulum
1002 2230 1083 2270 suurn
1109 2215 1212 2271 saltem
1232 2229 1281 2271 cu·

243 2467 885 2542 Ι)1111ρί1111111111111111111111111111
914 2467 948 2522 ab
972 2466 1015 2521 his
1038 2466 1131 2521 verbis
1153 2458 1195 2518 111
1221 2483 1282 2518 ποτε

170 2559 289 2628 ἐξιόντων
310 2559 382 2631 ἡμῶν
403 2558 433 2618 ἐς
457 2555 509 2610 τὸν
528 2565 624 2629 κῆπον
649 2555 788 2628 ἐντυγχάνει
812 2554 875 2626 ἀνὴρ
898 2558 1008 2628 γενναῖος
1026 2555 1081 2610 κτλ.
1118 2553 1281 2610 11111180-
1346 2539 1352 2550 ⁵

168 2648 232 2704 lano
251 2647 424 2703 intellectum
444 2650 498 2715 est,
522 2647 595 2701 hunc
614 2645 704 2700 locum
723 2661 822 2699 sunum
841 2660 978 2699 essenon
996 2660 1093 2716 posse,
1116 2660 1179 2700 oum
1197 2645 1283 2699 verba

170 2739 196 2798 ἐς
215 2735 258 2790 τὸν
278 2743 356 2809 κῆπον
373 2738 564 2807 repugnarent
582 2735 772 2805 sequentibus,
792 2733 892 2803 quibus
906 2733 1086 2789 hortulanum
1103 2733 1192 2788 milite
1209 2732 1282 2787 male

168 2825 291 2880 mulcato
310 2826 409 2880 urbem
426 2825 559 2895 petivisse
577 2825 708 2878 narratur
727 2824 767 2887 (in
786 2823 862 2876 exitu
881 2838 939 2892 cap.
952 2823 1018 2891 41).
1048 2822 1117 2877 inde
1135 2822 1283 2884 Gourierus

168 2930 220 2983 pro
238 2913 330 2968 verbis
353 2910 896 2970 1111111111111111111111111111111ἐς
919 2910 965 2980 τὴν
988 2909 1069 2980 πόλιν,
1095 2926 1209 2980 prorsus
1230 2911 1283 2963 im-

167 2999 359 3071 probabiliter,
379 3016 442 3054 cum
454 3017 471 3053 a
482 3000 575 3054 verbis
587 2999 697 3054 traditis
711 3017 745 3054 11
760 2999 843 3054 nimis
863 2999 976 3054 distent.
1002 2999 1138 3054 Maiorem
1155 2999 1281 3068 veritatis

169 3089 292 3160 speciem
310 3089 399 3158 primo
419 3091 535 3157 aspectu
553 3086 689 3142 Heroheri
707 3088 846 3142 sententia
863 3104 931 3157 prae
950 3103 980 3142 se
999 3086 1072 3141 ferro
1090 3085 1209 3154 videtur,
1234 3087 1282 3157 qui

168 3194 201 3233 ea
219 3181 252 3233 11
269 3178 392 3247 glossam
411 3194 446 3230 11
467 3178 547 3232 textu
566 3176 691 3231 eicienda
709 3176 826 3231 censuit.
861 3175 943 3230 Patet
960 3176 1012 3231 tali
1029 3177 1136 3231 ratione
1155 3174 1283 3230 offensio-

167 3282 232 3321 nem
250 3271 370 3335 prorsus'
384 3265 447 3320 tolli
465 3267 549 3336 atque
569 3265 605 3320 ad
623 3264 708 3319 verba
727 3264 845 3331 ἐξιόντων
858 3266 931 3337 ἡμῶν
951 3266 991 3320 111
1009 3266 1174 3336 simpliciter
1192 3265 1284 3335 posita

170 3354 305 3410 lectorem
323 3354 457 3424 aliquem,
484 3371 604 3425 quonam
627 3354 768 3423 egressuri
786 3356 891 3423 111111,
918 3354 1080 3424 ascripsisse
1102 3353 1183 3408 facile
1200 3368 1284 3423 posse

168 3444 293 3512 cogitari.
330 3443 550 3499 Verumtamen
571 3442 649 3498 nullo
672 3441 754 3497 modo
777 3441 962 3512 intellegitur,
991 3442 1129 3513 quomodo
1157 3442 1218 3512 quis
1247 3441 1282 3497 ad

168 3535 327 3589 contextum
347 3531 543 3601 explicandum
566 3532 634 3586 hacc
657 3531 742 3586 verba
765 3532 899 3585 annotare
926 3532 1051 3600 potuerit
1078 3531 1104 3592 ἐς
1128 3528 1172 3583 τὸν
1195 3537 1282 3601 κῆπον,

167 3638 231 3679 cum
250 3623 278 3677 et
296 3638 331 3676 11
349 3623 408 3676 toto
427 3622 559 3676 contextu
576 3620 736 3674 necessario
755 3619 919 3676 concludere
938 3622 966 3675 et
983 3637 1017 3676 11
1035 3621 1083 3690 eis,
1103 3637 1175 3691 quae
1188 3621 1284 3676 statim

167 3710 391 3780 subsequuntur,
410 3708 564 3762 'certissime
582 3724 750 3776 cognoscere
772 3708 901 3763 debuerit
927 3708 1107 3764 hortulanum
1133 3711 1200 3763 tunc
1227 3724 1284 3762 non

168 3813 202 3852 11
220 3797 316 3852 111111
334 3814 386 3852 111
403 3797 433 3852 11
450 3797 563 3851 hortum
580 3797 666 3851 ivisse
685 3795 734 3850 sed
752 3796 783 3849 in
794 3797 893 3852 urbem
905 3796 1061 3866 profectum
1074 3811 1143 3850 esse.
1175 3794 1236 3862 Qua
1249 3797 1283 3850 de

167 3900 251 3940 causa
269 3885 404 3940 Heroheri
423 3900 533 3956 quoque
551 3885 720 3940 sententiam
742 3883 912 3939 reiciendam
936 3900 997 3939 esse
1018 3883 1176 3953 putaverim
1199 3885 1283 3952 atque

167 3973 239 4027 hanc
256 3976 350 4043 potius
369 3973 434 4029 huic
452 3974 512 4029 loco
531 3973 670 4028 medelam
689 3972 866 4041 efferendam,
886 3974 917 4027 ut
935 3968 1281 4042 proprietariorum

165 4060 346 4117 restituamus
366 4062 441 4132 quod
458 4063 583 4132 proxime
603 4061 790 4116 11111111τοῦ
810 4062 899 4132 κήπου.
