2902 4702
611 348 832 410 -23-

101 572 105 579 ·
164 557 233 599 rans
253 539 379 599 invisere
401 540 438 598 ad
458 539 619 612 quempiam
634 539 689 598 sibi
704 539 829 600 devertit
843 541 1056 602 familiarem.“'
1072 541 1131 601 Sed
1145 541 1283 601 facillime

164 642 262 694 tamen
285 637 431 695 refellitur
451 635 549 694 uerbis
573 637 742 708 quibusdam
769 639 872 710 capitis
894 640 946 708 32,
974 639 1025 698 ubi
1050 641 1122 698 haee
1146 640 1284 712 leguntur

167 734 332 803 „Matutino
359 750 404 791 me
429 733 528 791 multis
552 733 699 792 holeribus
724 740 856 793 onustum
882 736 1042 807 proximam
1064 737 1210 795 civitatem
1234 737 1283 794 de-

165 831 269 889 ducere
298 837 451 889 consuerat
483 829 640 888 dominus.“
693 832 778 890 Unde
807 832 930 903 spatium
957 849 1014 894 non
1043 849 1165 905 parvum
1195 833 1282 891 inter·

163 929 271 986 iectum
309 927 397 986 fuisso
434 929 511 987 inter
544 929 660 986 hortum
700 928 854 1000 urbemque
897 930 1055 987 clarissime
1096 931 1279 1003 perspicitur.

163 1025 263 1096 Neque
284 1025 396 1081 omnino
417 1024 570 1096 quidquam
591 1041 625 1082 ex
646 1025 695 1082 illo
715 1026 778 1084 loco
799 1027 897 1098 priore
918 1027 953 1085 de
973 1028 1052 1085 horti
1071 1028 1128 1084 situ
1144 1027 1282 1085 concludi

165 1125 271 1194 potest,
298 1138 362 1178 cum
389 1121 563 1194 comparatis
589 1121 710 1181 Graecis
738 1122 847 1196 verbis,
875 1125 1037 1194 exquibus
1063 1140 1215 1196 expressus
1235 1129 1280 1182 est

164 1219 261 1294 (initio
278 1235 350 1291 aeap.
373 1220 411 1275 45
440 1218 478 1281 ὡς
499 1217 529 1275 δὲ
549 1216 673 1295 ἤλθομεν
696 1219 819 1295 (scilicet
840 1219 868 1282 ἐς
887 1220 937 1296 τὴν
956 1219 1044 1293 πόλιν)
1059 1220 1105 1278 τὸν
1120 1220 1170 1294 μὲν
1191 1223 1280 1296 κῆπον

165 1314 247 1374 αὐτοῦ
274 1319 394 1392 συνεργιρ
419 1337 468 1373 τινι
496 1315 619 1374 ἐπέδωκε
644 1319 780 1393 γεωργεῖν,
807 1315 887 1380 αὐτὸς
913 1317 943 1374 δὲ
969 1317 1014 1375 τὸν
1041 1315 1162 1376 κίνδυνον
1183 1317 1230 1376 τὸν
1251 1316 1284 1376 ἐκ

164 1417 212 1490 τῆς
234 1413 298 1470 ὁδοῦ
320 1411 415 1475 δεδιὼς
436 1411 581 1490 κρύπτεται
595 1414 652 1488 ἅμα
667 1414 730 1488 ἐμοὶ
743 1413 810 1492 πράτ
823 1437 894 1478 τινος
914 1417 968 1472 τῶν
990 1414 1018 1471 ἐν
1041 1413 1113 1472 ἄστει
1134 1413 1284 1490 συνήθων),

165 1512 323 1571 clarissime
349 1518 499 1584 appareat,
525 1513 598 1571 nihil
623 1514 702 1572 aliud
734 1515 789 1572 hac
811 1514 960 1590 ,sententia
990 1513 1181 1586 significatum
1213 1529 1282 1581 esse,

165 1611 223 1669 nisi
242 1610 427 1668 hortulanum
452 1614 521 1667 tunc
546 1611 661 1668 hortum
682 1628 763 1669 suum
783 1611 946 1683 neglexisse
974 1616 1004 1669 et
1024 1612 1054 1669 in
1074 1611 1146 1668 urbe
1167 1626 1282 1668 reman-

166 1707 247 1774 sisse,
268 1712 303 1764 nt
323 1706 401 1778 apud
421 1706 563 1779 hospitem
584 1708 708 1778 aliquem
727 1708 841 1767 lateret.
884 1708 978 1778 Quare
1000 1724 1064 1765 cum
1085 1723 1127 1777 ea,
1150 1723 1224 1778 quae
1244 1707 1280 1764 de

163 1805 267 1862 itinere
287 1802 435 1860 hortulani
448 1803 486 1860 ad
499 1804 639 1861 rusticum
653 1803 729 1862 facto
744 1805 823 1862 dicta
843 1808 917 1876 sunt,
940 1820 997 1862 una
1012 1820 1076 1861 oum
1096 1803 1281 1874 sequentihus

165 1905 245 1960 recte
266 1905 346 1958 stare
367 1899 446 1957 nullo
467 1900 552 1957 modo
574 1901 694 1972 possint,
716 1899 878 1958 firmissime
898 1901 966 1958 inde
986 1902 1126 1973 probatur
1146 1900 1226 1958 illam
1246 1901 1282 1957 de

170 1999 271 2056 rustici
290 1996 449 2054 infortunio
464 1996 591 2056 fabulam
606 1998 641 2056 ab
655 1995 781 2069 Apuleio
797 1997 910 2055 demum
930 1998 968 2055 ad
988 1997 1098 2056 fontem
1112 1997 1282 2070 primarium

164 2096 307 2157 adiectam
328 2111 400 2154 osse.
477 2139 481 2145 .

244 2197 312 2256 Plus
333 2196 421 2256 etiam
435 2200 573 2257 momenti
586 2199 711 2258 afferunt
724 2200 762 2257 ad
775 2201 952 2272 propositum
971 2180 1100 2257 nostrum
1115 2214 1158 2279 ea,
1181 2196 1283 2268 quibus

164 2297 230 2369 ipsa
250 2297 302 2354 illa
322 2303 418 2370 pugna
437 2298 513 2354 inter
532 2299 654 2355 militem
674 2298 914 2370 hortulanumque
929 2297 1080 2357 commissa
1099 2293 1282 2353 describitur.

165 2393 410 2452 Proficiscendum
431 2395 539 2467 optime
561 2411 579 2452 a
600 2394 717 2453 Graeca
735 2396 903 2453 narratione
925 2399 1005 2467 puto,
1029 2395 1109 2451 cuius
1131 2392 1282 2450 exordium

165 2491 308 2549 ascribam
334 2491 371 2566 (c.
400 2493 451 2566 45)
477 2491 524 2551 καί
543 2514 609 2550 ποτε
637 2491 761 2558 ἐξιόντων
786 2493 866 2569 ἡμῶν
888 2492 920 2552 ἐκ
945 2493 993 2550 τοῦ
1015 2491 1103 2567 κήπου
1126 2486 1283 2566 ἐντυγχάνει

166 2587 233 2666 ἀνὴρ
254 2592 374 2663 γενναῖος
399 2589 563 2667 στρατιώτου
589 2591 688 2666 στολὴν
713 2589 896 2667 ἠμφιεσμένος
922 2588 1021 2648 καὶτὰ
1042 2588 1102 2662 μὲν·
1116 2590 1211 2664 πρῶτα
1233 2589 1282 2643 λα·

167 2688 211 2744 λεῖ
227 2686 294 2763 πρὸς
314 2687 389 2762 ἡμᾶς
409 2689 445 2764 τῇ
462 2686 578 2746 Ἰταλῶν
604 2689 684 2764 φωνῇ
705 2687 751 2746 καὶ
770 2686 853 2764 ἤρετο
874 2687 920 2744 τὸν
942 2684 1081 2761 κηπουρὸν
1102 2683 1164 2742 ὅποι
1185 2681 1283 2756 ἀπάγει

167 2782 214 2841 τὸν
236 2781 298 2840 άνον
321 2783 383 2858 ἐμέ·
407 2784 421 2841 ὁ
444 2784 482 2857 δέ,
505 2783 587 2859 οἶμαι,
609 2788 658 2861 τῆς
672 2787 764 2860 φωνῆς
779 2783 894 2859 ἀνόητος
915 2782 952 2839 ὢν
975 2779 1052 2838 οὐδὲν
1073 2778 1244 2855 ἀπεκρίνατο·
1267 2779 1282 2836 ὁ

166 2879 393 2958 δὲ’ὀργιζάμενυς
419 2882 457 2945 ὡς
482 2881 692 2959 ὑπερορώμενος
718 2880 788 2938 παίει
813 2882 848 2957 τῇ
870 2879 975 2954 μάστιγι
995 2878 1041 2936 τὸν
1067 2877 1206 2953 κηπουρὸν
1232 2875 1283 2935 κά·

167 2980 256 3042 κεῖνος
281 2978 465 3053 συμπλέκεται
494 2978 569 3056 αὐτῷ
595 2985 650 3040 etc.
696 2979 833 3051 Magnam
858 2977 1044 3036 offensionem
1068 2975 1190 3048 praebet
1220 2991 1283 3032 sen·

166 3076 260 3134 tentia
281 3076 327 3135 καὶ
347 3077 381 3135 τὰ
402 3076 451 3152 μὲν
472 3080 568 3153 πρῶτα
590 3080 669 3135 λαλεῖ
679 3077 746 3153 πρὸς
759 3077 833 3152 ἡμᾶς
852 3097 887 3152 τῃ
899 3072 1013 3132 Ἰταλῶν
1027 3075 1116 3151 φωνῇ.
1143 3074 1283 3145 Apertum

165 3178 211 3254 est
230 3175 322 3233 verba
341 3173 375 3231 τὰ
390 3173 440 3247 μὲν
454 3176 550 3250 πρῶτα
570 3175 632 3232 sola
651 3174 798 3246 pertinere
816 3189 902 3245 posse
923 3172 960 3230 ed
974 3171 1106 3244 proxima
1120 3171 1156 3246 τῇ
1165 3167 1282 3226 Ἰταλῶν

165 3271 259 3347 φωνῇ,
294 3270 415 3340 ideoque
448 3270 492 3328 his
526 3270 766 3341 praecedentibus
799 3270 960 3328 necessario
997 3268 1160 3340 exspectari
1194 3264 1290 3325 aliam

165 3367 343 3438 respondere
364 3366 548 3434 sententiam,
581 3382 638 3437 qua
657 3373 808 3425 narratum
840 3368 880 3424 sit
900 3371 1003 3438 postea
1028 3365 1149 3422 militem
1170 3362 1283 3423 Graece

163 3479 277 3536 quoque
307 3465 492 3522 hortulanum
517 3470 719 3536 percontatum
745 3481 816 3522 esse.
864 3463 946 3534 Quod
972 3479 1035 3521 cum
1059 3466 1157 3520 textus
1184 3466 1284 3518 noster

165 3577 224 3619 non
249 3567 462 3642 commemoret,
489 3562 620 3620 conicere
640 3562 711 3619 licet
736 3579 801 3619 eum
824 3561 872 3618 hic
898 3577 1010 3631 quoque
1036 3559 1198 3616 mutilatum
1220 3573 1283 3614 esse

165 3661 197 3716 et
221 3658 299 3715 inter
325 3660 413 3716 verba
444 3657 583 3736 κηπουρόν
615 3667 646 3716 et
676 3658 801 3720 κάκεῖνος
832 3658 989 3730 longiorem
1021 3671 1180 3714 sermonem
1206 3655 1283 3711 inter

167 3755 355 3814 hortulanum
376 3765 405 3813 et
422 3755 543 3815 militem
564 3757 642 3815 illius
667 3757 807 3829 precibus,
829 3761 861 3812 ut
875 3753 988 3814 Graece
1008 3753 1182 3824 loqueretur,
1205 3767 1283 3809 com·

164 3857 274 3909 motum
301 3852 449 3912 excidisse.
496 3851 580 3925 Quod
606 3854 671 3912 aliis
697 3869 808 3924 quoque
834 3852 1013 3924 argumentis
1043 3849 1282 3908 verisimillimum

164 3948 207 4006 fit.
250 3948 309 4007 Gur
329 3950 406 4007 enim
426 3950 610 4020 hortulanus,
643 3968 705 4008 cnm
726 3951 820 4023 plagis
841 3950 943 4008 militis
963 3947 1167 4017 intellexisset,
1199 3947 1282 4004 illum

165 4046 281 4105 silentio
302 4063 354 4105 suo
368 4047 549 4120 indignatum
570 4065 641 4121 esse,
665 4065 722 4106 non
742 4047 896 4120 respondet
910 4047 939 4104 ei
959 4046 1098 4104 sermonis
1117 4043 1284 4117 ignorantia
