2888 4696
603 366 824 429 ..46-

160 557 227 628 quin
253 557 418 627 ,Lucianus‘
444 558 588 629 integram
613 556 728 615 fabulae
747 557 868 616 formam
890 559 1064 628 servaverit,
1097 559 1275 633 eandemque

158 654 302 727 Apuleius
327 654 399 712 satis
424 654 528 711 inscite
549 655 717 721 mutaverim
746 655 820 712 uude
841 654 950 714 Maassi
971 655 1050 714 cadit
1075 659 1219 717 sententia
1239 658 1275 717 de

161 751 285 824 Apuleio
306 768 325 809 a
343 751 492 824 ,Luciano‘
515 756 656 823 respecto.
689 750 746 810 Sed
767 758 862 811 tamen
876 768 912 811 ne
925 754 1002 812 ullus
1016 755 1168 826 scrupulus
1181 772 1276 815 rema·

160 853 236 918 neat,
256 847 353 907 facero
374 863 430 906 nou
448 864 571 920 possum,
593 847 661 919 quin
675 848 753 919 ipsas
764 848 884 907 Maassii
896 850 1135 910 ratiocinationes
1148 852 1276 911 breviter

160 946 332 1017 perlustrem
352 949 438 1016 atque
458 943 590 1003 refutem.
635 944 697 1015 Qua
718 961 749 1002 re
771 946 884 1004 etiamsi
903 947 1004 1005 videar
1025 947 1158 1020 reliquae
1178 949 1276 1022 dispu-

160 1044 278 1101 tationis
293 1047 423 1101 tenorem
436 1041 514 1100 haud
528 1041 675 1099 commode
688 1041 907 1114 interrumpere,
927 1044 1061 1103 omittere
1075 1050 1173 1105 tamen
1186 1046 1276 1113 nolui,

161 1145 194 1197 ut
213 1139 292 1198 omni
312 1155 347 1197 ex
367 1142 452 1212 parte
472 1138 588 1210 plenum
609 1137 747 1197 evaderet
766 1139 821 1195 hoc
842 1140 1017 1210 opusculum.

240 1237 315 1293 Tota
345 1240 441 1293 autem
461 1235 591 1306 quaestio
616 1235 646 1291 in
667 1250 701 1292 eo
721 1239 867 1303 versatur,
899 1251 966 1293 num
986 1253 1019 1294 re
1039 1253 1111 1296 vora
1133 1253 1177 1307 ea,
1202 1254 1278 1309 quae

163 1337 249 1390 antea
269 1331 304 1389 de
325 1330 463 1390 Obaritae
483 1331 699 1404 Tlepolemiquc
720 1330 810 1388 variis
831 1331 945 1389 casibus
966 1337 1086 1391 narrata
1108 1339 1189 1404 sunt,
1212 1350 1278 1394 cum

164 1428 215 1501 eis,
237 1443 311 1499 quae
331 1429 378 1485 hic
400 1427 435 1486 de
456 1433 548 1486 morte
569 1444 668 1486 eorum
690 1427 859 1497 afferuntur,
880 1434 940 1485 tam
961 1434 1023 1486 arte
1039 1430 1223 1504 cohaereant,
1236 1435 1280 1490 ‘ut

165 1543 200 1585 ea
221 1526 257 1584 ab
279 1525 379 1583 eodem
400 1525 542 1596 scriptore
563 1525 695 1596 proiecta
716 1541 778 1582 esse
792 1525 919 1584 Maassio
941 1527 1104 1586 necessario
1120 1527 1280 1587 conceden-

165 1623 231 1679 dum
253 1623 299 1681 sit.
330 1619 505 1694 Quamnam
525 1625 557 1678 ut
577 1627 655 1680 recte
676 1621 870 1694 dispiciamus,
892 1623 997 1693 omnia,
1019 1639 1092 1695 quae
1113 1623 1149 1682 da
1170 1626 1215 1684 eis
1227 1640 1279 1684 ex·

165 1721 259 1793 posita
284 1725 364 1787 suut,
396 1719 480 1776 brevi
500 1723 654 1791 conspectu
674 1718 769 1776 animo
791 1723 890 1777 nostro
911 1736 1112 1792 proponamus.
1158 1719 1280 1781 Obarito

166 1818 256 1889 igitur
276 1818 374 1891 puella
394 1817 507 1889 nobilis,
530 1833 594 1874 oum
614 1815 781 1888 Tlepolemo
803 1817 981 1875 adulescenti
1001 1818 1114 1890 pridem
1137 1819 1164 1877 ei
1185 1819 1281 1878 dasti-

165 1921 233 1973 uato
254 1920 380 1987 nuptura
400 1919 484 1987 esset,
506 1915 568 1987 ipso
590 1914 755 1986 nuptiarum
770 1913 816 1971 dia
831 1914 989 1972 latronibus
1004 1916 1098 1972 subito
1112 1914 1281 1990 inrumpan-

168 2013 244 2071 tibus
265 2013 408 2085 abripitur
430 2017 459 2070 et
479 2013 509 2069 in
530 2012 646 2069 illorum
666 2013 880 2083 receptaculum
901 2011 1054 2069 abducitur
1067 2012 1122 2086 (IV
1138 2012 1281 2088 23—26).

167 2109 250 2167 Unde
281 2125 345 2166 oum
379 2109 452 2166 asini
482 2109 590 2165 auxilio
611 2107 714 2179 fugere
735 2113 840 2166 conata
860 2112 949 2176 esset,
981 2108 1182 2167 alatronibus
1203 2126 1282 2169 com·

170 2208 312 2280 prehensa
343 2206 559 2264 crudelissimae
584 2206 669 2263 morti
690 2206 850 2264 destinatur
870 2204 924 2278 (VI
946 2204 1088 2280 27-32).
1133 2204 1282 2280 Contingit

172 2308 268 2360 autem
284 2302 459 2374 Tlepolemo,
480 2304 564 2361 utin
585 2303 730 2360 latronum
751 2318 865 2359 manum
886 2303 948 2375 ipse
969 2302 1130 2374 recipiatur
1151 2308 1181 2361 et
1194 2303 1283 2363 lautis

173 2400 294 2472 dapibus
324 2400 471 2458 instructis
496 2401 623 2458 latrones
643 2415 741 2457 omnes
761 2399 800 2456 ad
819 2416 956 2457 summam
977 2399 1151 2458 ebrietatem
1171 2400 1283 2474 adigat.

169 2497 230 2568 Quo
252 2499 330 2556 facto
352 2496 477 2569 puellam
498 2497 611 2555 domum
632 2496 743 2554 reducit
763 2497 916 2568 paulloquo
935 2502 1002 2568 post
1015 2496 1123 2570 accipit
1137 2496 1167 2553 in
1182 2498 1284 2556 matri·

170 2594 295 2654 monium
317 2595 388 2671 (VII
405 2595 527 2670 1-12).
558 2594 641 2653 Haec
655 2593 755 2667 priora
768 2597 798 2650 et
816 2599 986 2666 argumento
1002 2610 1066 2651 cum
1080 2594 1156 2652 asini
1170 2594 1284 2653 casibus

170 2694 316 2751 artissimo
342 2694 494 2752 cohaerere
520 2697 551 2750 et
570 2691 700 2749 oratione
721 2690 758 2748 ad
779 2691 909 2760 reliquae
929 2689 1044 2748 fabulae
1066 2689 1284 2750 similitudinem

170 2807 260 2864 prope
282 2791 420 2849 accedere
439 2791 561 2861 ideoque
581 2788 640 2846 iam
660 2789 689 2845 in
704 2788 846 2860 ,Luciaui‘
859 2786 1026 2860 Apuleique
1046 2789 1187 2846 communi
1201 2789 1284 2848 fonte

170 2885 260 2944 fuisse
291 2902 379 2957 supra
409 2886 606 2944 demonstrare
627 2890 748 2944 conatus
767 2900 838 2942 sum.
880 2884 981 2955 Neque
1013 2900 1180 2955 quemquam
1213 2888 1285 2959 puto

171 2987 345 3053 negaturum
366 2999 428 3041 esse
448 2983 644 3041 narrationem
658 2983 739 3040 illam
752 2983 866 3056 plenam
880 2987 910 3040 et
924 2983 1075 3041 rotundam
1095 2995 1170 3054 esso,
1192 2999 1285 3056 nsque

172 3078 326 3151 quidquam
346 3079 464 3151 requiri,
485 3080 560 3151 quod
579 3080 742 3138 necessario
763 3079 894 3137 addatur.
931 3079 993 3136 Iam
1013 3080 1102 3138 multo
1116 3084 1183 3153 post
1195 3081 1286 3155 longa

172 3177 208 3235 de
238 3177 319 3235 novis
353 3176 428 3234 asini
453 3177 667 3235 calamitatibus
686 3176 797 3234 fabella
817 3177 970 3235 interiecta
990 3193 1089 3237 rursus
1109 3177 1141 3235 in
1162 3182 1286 3251 utroque

172 3273 270 3331 libello
296 3271 417 3332 Charite
437 3273 675 3345 Tlepolemusque
706 3279 980 3346 commemorantur,
1012 3274 1063 3332 sed
1087 3275 1286 3335 diversissima

172 3371 296 3430 rationo.
329 3371 403 3428 Nam
425 3387 488 3428 curu
509 3371 584 3443 apud
600 3370 775 3441 ,Lucianum‘
798 3387 848 3429 eos
862 3371 960 3429 ambos
975 3372 1072 3430 subita
1084 3378 1178 3431 morte
1190 3373 1284 3432 inter·

173 3468 241 3527 iisse
262 3468 430 3527 brevissime
450 3473 601 3526 narratum
621 3468 667 3539 sit,
689 3468 766 3541 apud
779 3467 937 3541 Apuleium
958 3486 1032 3528 nova
1045 3468 1154 3529 fabella
1168 3469 1286 3529 adiecta

174 3571 219 3625 ost
239 3582 337 3638 eaque,
359 3569 392 3623 ut
412 3580 499 3636 supra
519 3564 578 3622 iam
598 3565 743 3635 annotavi,
765 3570 932 3638 argumento
955 3571 985 3624 et
1005 3582 1135 3625 sermone
1156 3568 1286 3639 apriors

176 3679 294 3734 prorsus
316 3663 482 3721 abhorrens.
515 3663 624 3721 Narrat
644 3663 719 3721 euim
733 3663 912 3735 Thrasyllum
933 3662 1072 3734 quendam
1086 3663 1217 3723 iuuenem
1229 3680 1286 3723 uno

175 3778 238 3818 cum
259 3761 425 3833 Tlepolemo
446 3759 586 3819 Chariten
616 3761 645 3818 in
679 3760 891 3818 matrimonium
922 3760 1061 3831 petivisse
1092 3761 1143 3820 aad
1165 3766 1288 3835 propter

176 3873 285 3915 morum
312 3858 439 3915 maculas
463 3858 608 3930 repulsam
629 3857 736 3916 tulisse.
784 3857 854 3915 Cum
875 3861 970 3915 autem
991 3873 1071 3915 amor
1092 3859 1154 3918 eius
1173 3860 1205 3917 in
1225 3859 1287 3918 dies

177 3960 278 4013 auctus
299 3959 388 4027 esset,
410 3954 492 4012 illum
513 3953 710 4027 Tlepolemum
730 3953 892 4013 interficere
913 3954 1098 4013 constituisse
1119 3957 1287 4015 consilium·

177 4069 231 4122 que
261 4070 342 4112 suum
368 4055 462 4126 prima
483 4053 552 4113 data
573 4055 720 4114 occasione
742 4059 908 4114 exsecutum
928 4071 1000 4116 esse.
1041 4055 1125 4115 Tunc
1148 4056 1288 4116 Chariten
